timestamp,thp_temp,humidity,pressure
2025-05-14T10:48:05.362260,24.8,55.22,1004.13
2025-05-14T10:48:06.775435,24.8,55.28,1004.13
2025-05-14T10:48:07.396767,24.8,55.28,1004.13
2025-05-14T10:48:08.403405,24.8,55.28,1004.13
2025-05-14T10:48:09.860469,24.81,55.7,1004.13
2025-05-14T10:48:10.417224,24.81,55.7,1004.13
2025-05-14T10:48:11.425417,24.81,55.7,1004.13
2025-05-14T10:48:12.797830,24.81,55.43,1004.12
2025-05-14T10:48:13.446194,24.81,55.43,1004.12
2025-05-14T10:48:14.457464,24.81,55.43,1004.12
2025-05-14T10:48:15.789891,24.81,55.43,1004.11
2025-05-14T10:48:16.474361,24.81,55.43,1004.11
2025-05-14T10:48:17.484674,24.81,55.43,1004.11
2025-05-14T10:48:18.803533,24.81,55.43,1004.11
2025-05-14T10:48:19.505703,24.81,55.43,1004.11
2025-05-14T10:48:20.519531,24.81,55.43,1004.11
2025-05-14T10:48:21.807369,24.84,62.59,1004.13
2025-05-14T10:48:22.557787,24.84,62.59,1004.13
2025-05-14T10:48:23.571276,24.84,62.59,1004.13
2025-05-14T10:48:24.809603,24.93,65.48,1004.11
2025-05-14T10:48:25.595109,24.93,65.48,1004.11
2025-05-14T10:48:26.606956,24.93,65.48,1004.11
2025-05-14T10:48:27.816323,25.24,75.24,1005.26
2025-05-14T10:48:28.618825,25.24,75.24,1005.26
2025-05-14T10:48:29.634538,25.24,75.24,1005.26
2025-05-14T10:48:30.812189,25.32,83.37,1005.95
2025-05-14T10:48:31.659039,25.32,83.37,1005.95
2025-05-14T10:48:32.689097,25.32,83.37,1005.95
2025-05-14T10:48:33.815277,25.47,85.73,1004.15
2025-05-14T10:48:34.716808,25.47,85.73,1004.15
2025-05-14T10:48:35.733539,25.47,85.73,1004.15
2025-05-14T10:48:36.829553,25.62,86.26,1003.53
2025-05-14T10:48:37.763686,25.62,86.26,1003.53
2025-05-14T10:48:38.779812,25.62,86.26,1003.53
2025-05-14T10:48:39.844260,26.1,88.98,1008.69
2025-05-14T10:48:40.789959,26.1,88.98,1008.69
2025-05-14T10:48:42.821746,26.38,89.61,991.83
2025-05-14T10:48:43.803088,26.38,89.61,991.83
2025-05-14T10:48:45.804856,26.25,87.74,977.36
2025-05-14T10:48:46.812510,26.25,87.74,977.36
2025-05-14T10:48:48.839261,26.48,78.55,977.39
2025-05-14T10:48:49.836456,26.48,78.55,977.39
2025-05-14T10:48:51.842868,26.67,69.85,1004.19
2025-05-14T10:48:51.858628,26.67,69.85,1004.19
2025-05-14T10:48:52.858430,26.67,69.85,1004.19
2025-05-14T10:48:54.858247,26.87,64.45,1004.2
2025-05-14T10:48:55.872511,26.87,64.45,1004.2
2025-05-14T10:48:57.871998,27.07,59.31,1004.22
2025-05-14T10:48:57.903810,27.07,59.31,1004.22
2025-05-14T10:48:58.901447,27.07,59.31,1004.22
2025-05-14T10:49:00.880609,27.22,57.35,1004.15
2025-05-14T10:49:00.896571,27.22,57.35,1004.15
2025-05-14T10:49:01.907960,27.22,57.35,1004.15
2025-05-14T10:49:03.897582,27.37,55.07,1004.18
2025-05-14T10:49:04.913127,27.37,55.07,1004.18
2025-05-14T10:49:06.908158,27.48,53.79,1004.17
2025-05-14T10:49:06.936149,27.48,53.79,1004.17
2025-05-14T10:49:07.938894,27.48,53.79,1004.17
2025-05-14T10:49:09.936943,27.58,53.17,1004.14
2025-05-14T10:49:09.951368,27.58,53.17,1004.14
2025-05-14T10:49:10.961305,27.58,53.17,1004.14
2025-05-14T10:49:12.945925,27.66,53.51,1004.13
2025-05-14T10:49:12.961728,27.66,53.51,1004.13
2025-05-14T10:49:13.978006,27.66,53.51,1004.13
2025-05-14T10:49:15.958467,27.72,53.18,1004.11
2025-05-14T10:49:15.972436,27.72,53.18,1004.11
2025-05-14T10:49:16.986699,27.72,53.18,1004.11
2025-05-14T10:49:18.973248,27.77,52.77,1004.15
2025-05-14T10:49:19.002754,27.77,52.77,1004.15
2025-05-14T10:49:20.016378,27.77,52.77,1004.15
2025-05-14T10:49:21.983010,27.82,52.3,1004.16
2025-05-14T10:49:22.012555,27.82,52.3,1004.16
2025-05-14T10:49:23.027315,27.82,52.3,1004.16
2025-05-14T10:49:24.996864,27.86,51.86,1004.13
2025-05-14T10:49:25.034446,27.86,51.86,1004.13
2025-05-14T10:49:26.041191,27.86,51.86,1004.13
2025-05-14T10:49:27.993513,27.89,51.46,1004.15
2025-05-14T10:49:28.056339,27.89,51.46,1004.15
2025-05-14T10:49:29.072799,27.89,51.46,1004.15
2025-05-14T10:49:31.023894,27.92,51.17,1004.11
2025-05-14T10:49:31.069968,27.92,51.17,1004.11
2025-05-14T10:49:32.085001,27.92,51.17,1004.11
2025-05-14T10:49:34.020379,27.94,50.85,1004.14
2025-05-14T10:49:34.084301,27.94,50.85,1004.14
2025-05-14T10:49:35.098752,27.94,50.85,1004.14
2025-05-14T10:49:37.051459,27.96,50.57,1004.1
2025-05-14T10:49:37.115297,27.96,50.57,1004.1
2025-05-14T10:49:38.130928,27.96,50.57,1004.1
2025-05-14T10:49:40.048250,27.98,51.35,1004.13
2025-05-14T10:49:40.160830,27.98,51.35,1004.13
2025-05-14T10:49:41.173122,27.98,51.35,1004.13
2025-05-14T10:49:43.059085,27.99,50.76,1004.13
2025-05-14T10:49:43.167289,27.99,50.76,1004.13
2025-05-14T10:49:44.177701,27.99,50.76,1004.13
2025-05-14T10:49:46.050980,28.0,50.4,1004.12
2025-05-14T10:49:46.177512,28.0,50.4,1004.12
2025-05-14T10:49:47.186395,28.0,50.4,1004.12
2025-05-14T10:49:49.070170,28.01,50.11,1004.09
2025-05-14T10:49:49.179417,28.01,50.11,1004.09
2025-05-14T10:49:50.191983,28.01,50.11,1004.09
2025-05-14T10:49:52.076501,28.02,49.81,1004.12
2025-05-14T10:49:52.221787,28.02,49.81,1004.12
2025-05-14T10:49:53.234942,28.02,49.81,1004.12
2025-05-14T10:49:55.075531,28.02,49.31,1004.12
2025-05-14T10:49:55.233313,28.02,49.31,1004.12
2025-05-14T10:49:56.231665,28.02,49.31,1004.12
2025-05-14T10:49:58.067257,28.01,48.78,1004.14
2025-05-14T10:49:58.226446,28.01,48.78,1004.14
2025-05-14T10:49:59.241251,28.01,48.78,1004.14
2025-05-14T10:50:01.091163,28.01,48.91,1004.09
2025-05-14T10:50:01.267814,28.01,48.91,1004.09
2025-05-14T10:50:02.266752,28.01,48.91,1004.09
2025-05-14T10:50:04.072242,28.0,49.23,1004.09
2025-05-14T10:50:04.264248,28.0,49.23,1004.09
2025-05-14T10:50:05.263459,28.0,49.23,1004.09
2025-05-14T10:50:07.083383,27.99,49.22,1004.12
2025-05-14T10:50:07.259396,27.99,49.22,1004.12
2025-05-14T10:50:08.273130,27.99,49.22,1004.12
2025-05-14T10:50:10.095809,27.97,49.18,1004.11
2025-05-14T10:50:10.301712,27.97,49.18,1004.11
2025-05-14T10:50:11.318332,27.97,49.18,1004.11
2025-05-14T10:50:13.103917,27.95,49.01,1004.11
2025-05-14T10:50:13.329716,27.95,49.01,1004.11
2025-05-14T10:50:14.329625,27.95,49.01,1004.11
2025-05-14T10:50:16.101444,27.94,49.15,1004.1
2025-05-14T10:50:16.325814,27.94,49.15,1004.1
2025-05-14T10:50:17.324852,27.94,49.15,1004.1
2025-05-14T10:50:19.111213,27.92,49.17,1004.1
2025-05-14T10:50:19.349781,27.92,49.17,1004.1
2025-05-14T10:50:20.365536,27.92,49.17,1004.1
2025-05-14T10:50:22.114958,27.91,49.05,1004.07
2025-05-14T10:50:22.369561,27.91,49.05,1004.07
2025-05-14T10:50:23.370226,27.91,49.05,1004.07
2025-05-14T10:50:25.112852,27.9,49.12,1004.1
2025-05-14T10:50:25.370017,27.9,49.12,1004.1
2025-05-14T10:50:26.367804,27.9,49.12,1004.1
2025-05-14T10:50:28.125526,27.88,49.08,1004.07
2025-05-14T10:50:28.366245,27.88,49.08,1004.07
2025-05-14T10:50:29.364853,27.88,49.08,1004.07
2025-05-14T10:50:31.120700,27.87,49.11,1004.07
2025-05-14T10:50:31.377554,27.87,49.11,1004.07
2025-05-14T10:50:32.388884,27.87,49.11,1004.07
2025-05-14T10:50:34.131083,27.85,49.1,1004.08
2025-05-14T10:50:34.388764,27.85,49.1,1004.08
2025-05-14T10:50:35.385194,27.85,49.1,1004.08
2025-05-14T10:50:37.139290,27.83,49.09,1004.08
2025-05-14T10:50:37.412969,27.83,49.09,1004.08
2025-05-14T10:50:38.427538,27.83,49.09,1004.08
2025-05-14T10:50:40.130619,27.82,49.12,1004.08
2025-05-14T10:50:40.435807,27.82,49.12,1004.08
2025-05-14T10:50:41.447605,27.82,49.12,1004.08
2025-05-14T10:50:43.142161,27.8,49.05,1004.09
2025-05-14T10:50:43.477566,27.8,49.05,1004.09
2025-05-14T10:50:44.493557,27.8,49.05,1004.09
2025-05-14T10:50:46.123901,27.78,48.98,1004.08
2025-05-14T10:50:46.524769,27.78,48.98,1004.08
2025-05-14T10:50:47.543071,27.78,48.98,1004.08
2025-05-14T10:50:49.125950,27.76,48.98,1004.08
2025-05-14T10:50:49.575808,27.76,48.98,1004.08
2025-05-14T10:50:50.593366,27.76,48.98,1004.08
2025-05-14T10:50:52.123118,27.74,48.8,1004.09
2025-05-14T10:50:52.623835,27.74,48.8,1004.09
2025-05-14T10:50:53.635700,27.74,48.8,1004.09
2025-05-14T10:50:55.136692,27.72,48.32,1004.1
2025-05-14T10:50:55.666876,27.72,48.32,1004.1
2025-05-14T10:50:56.682297,27.72,48.32,1004.1
2025-05-14T10:50:58.136652,27.69,48.19,1004.09
2025-05-14T10:50:58.713737,27.69,48.19,1004.09
2025-05-14T10:50:59.713312,27.69,48.19,1004.09
2025-05-14T10:51:01.159330,27.66,48.17,1004.11
2025-05-14T10:51:01.719888,27.66,48.17,1004.11
2025-05-14T10:51:02.731445,27.66,48.17,1004.11
2025-05-14T10:51:04.151374,27.62,48.41,1004.11
2025-05-14T10:51:04.762271,27.62,48.41,1004.11
2025-05-14T10:51:05.774967,27.62,48.41,1004.11
2025-05-14T10:51:07.170340,27.59,48.2,1004.12
2025-05-14T10:51:07.811522,27.59,48.2,1004.12
2025-05-14T10:51:08.813473,27.59,48.2,1004.12
2025-05-14T10:51:10.182436,27.56,48.15,1004.09
2025-05-14T10:51:10.841029,27.56,48.15,1004.09
2025-05-14T10:51:11.850743,27.56,48.15,1004.09
2025-05-14T10:51:13.209685,27.52,48.38,1004.08
2025-05-14T10:51:13.852701,27.52,48.38,1004.08
2025-05-14T10:51:14.849643,27.52,48.38,1004.08
2025-05-14T10:51:16.189399,27.5,48.46,1004.12
2025-05-14T10:51:16.861426,27.5,48.46,1004.12
2025-05-14T10:51:17.875495,27.5,48.46,1004.12
2025-05-14T10:51:19.194619,27.46,48.48,1004.1
2025-05-14T10:51:19.885946,27.46,48.48,1004.1
2025-05-14T10:51:20.884654,27.46,48.48,1004.1
2025-05-14T10:51:22.205116,27.43,48.67,1004.09
2025-05-14T10:51:22.898188,27.43,48.67,1004.09
2025-05-14T10:51:23.913803,27.43,48.67,1004.09
2025-05-14T10:51:25.190267,27.39,49.3,1004.1
2025-05-14T10:51:25.913382,27.39,49.3,1004.1
2025-05-14T10:51:26.928318,27.39,49.3,1004.1
2025-05-14T10:51:28.189563,27.36,49.48,1004.08
2025-05-14T10:51:28.960255,27.36,49.48,1004.08
2025-05-14T10:51:29.959891,27.36,49.48,1004.08
2025-05-14T10:51:31.201594,27.33,49.09,1004.09
2025-05-14T10:51:31.989474,27.33,49.09,1004.09
2025-05-14T10:51:33.003280,27.33,49.09,1004.09
2025-05-14T10:51:34.194301,27.29,49.06,1004.07
2025-05-14T10:51:35.032825,27.29,49.06,1004.07
2025-05-14T10:51:36.043322,27.29,49.06,1004.07
2025-05-14T10:51:37.202462,27.26,49.04,1004.06
2025-05-14T10:51:38.055829,27.26,49.04,1004.06
2025-05-14T10:51:39.068135,27.26,49.04,1004.06
2025-05-14T10:51:40.182318,27.23,49.11,1004.08
2025-05-14T10:51:41.082074,27.23,49.11,1004.08
2025-05-14T10:51:42.098519,27.23,49.11,1004.08
2025-05-14T10:51:43.195438,27.2,49.17,1004.06
2025-05-14T10:51:44.126422,27.2,49.17,1004.06
2025-05-14T10:51:45.127359,27.2,49.17,1004.06
2025-05-14T10:51:46.191005,27.17,49.19,1004.07
2025-05-14T10:51:47.136556,27.17,49.19,1004.07
2025-05-14T10:51:48.153554,27.17,49.19,1004.07
2025-05-14T10:51:49.217984,27.15,49.32,1004.12
2025-05-14T10:51:50.168960,27.15,49.32,1004.12
2025-05-14T10:51:52.200204,27.11,49.01,1004.11
2025-05-14T10:51:53.198328,27.11,49.01,1004.11
2025-05-14T10:51:55.229971,27.08,48.95,1004.14
2025-05-14T10:51:56.227733,27.08,48.95,1004.14
2025-05-14T10:51:58.228567,27.05,49.12,1004.13
2025-05-14T10:51:58.267851,27.05,49.12,1004.13
2025-05-14T10:51:59.255052,27.05,49.12,1004.13
2025-05-14T10:52:01.253851,27.03,49.29,1004.16
2025-05-14T10:52:01.280046,27.03,49.29,1004.16
2025-05-14T10:52:02.267321,27.03,49.29,1004.16
2025-05-14T10:52:04.253105,27.0,49.39,1004.14
2025-05-14T10:52:04.283132,27.0,49.39,1004.14
2025-05-14T10:52:05.265432,27.0,49.39,1004.14
2025-05-14T10:52:07.266909,26.97,49.46,1004.13
2025-05-14T10:52:07.297203,26.97,49.46,1004.13
2025-05-14T10:52:08.296746,26.97,49.46,1004.13
2025-05-14T10:52:10.288559,26.94,49.55,1004.13
2025-05-14T10:52:10.304334,26.94,49.55,1004.13
2025-05-14T10:52:11.309832,26.94,49.55,1004.13
2025-05-14T10:52:13.306278,26.9,49.64,1004.12
2025-05-14T10:52:13.327247,26.9,49.64,1004.12
2025-05-14T10:52:14.324381,26.9,49.64,1004.12
2025-05-14T10:52:16.310635,26.88,49.74,1004.14
2025-05-14T10:52:16.342621,26.88,49.74,1004.14
2025-05-14T10:52:17.326374,26.88,49.74,1004.14
2025-05-14T10:52:19.322926,26.86,49.83,1004.13
2025-05-14T10:52:20.333462,26.86,49.83,1004.13
2025-05-14T10:52:22.327555,26.84,49.89,1004.15
2025-05-14T10:52:22.367392,26.84,49.89,1004.15
2025-05-14T10:52:23.352858,26.84,49.89,1004.15
2025-05-14T10:52:25.353849,26.82,49.96,1004.14
2025-05-14T10:52:25.373418,26.82,49.96,1004.14
2025-05-14T10:52:26.379446,26.82,49.96,1004.14
2025-05-14T10:52:28.364007,26.79,50.01,1004.12
2025-05-14T10:52:28.395783,26.79,50.01,1004.12
2025-05-14T10:52:29.408067,26.79,50.01,1004.12
2025-05-14T10:52:31.359524,26.77,50.08,1004.14
2025-05-14T10:52:31.407247,26.77,50.08,1004.14
2025-05-14T10:52:32.405077,26.77,50.08,1004.14
2025-05-14T10:52:34.355167,26.75,50.18,1004.12
2025-05-14T10:52:34.403040,26.75,50.18,1004.12
2025-05-14T10:52:35.402461,26.75,50.18,1004.12
2025-05-14T10:52:37.354293,26.72,50.21,1004.11
2025-05-14T10:52:37.399827,26.72,50.21,1004.11
2025-05-14T10:52:38.413203,26.72,50.21,1004.11
2025-05-14T10:52:40.356637,26.71,50.23,1004.14
2025-05-14T10:52:40.434750,26.71,50.23,1004.14
2025-05-14T10:52:41.430698,26.71,50.23,1004.14
2025-05-14T10:52:43.340136,26.69,50.27,1004.14
2025-05-14T10:52:43.436115,26.69,50.27,1004.14
2025-05-14T10:52:44.432413,26.69,50.27,1004.14
2025-05-14T10:52:46.353609,26.67,50.34,1004.13
2025-05-14T10:52:46.431056,26.67,50.34,1004.13
2025-05-14T10:52:47.441294,26.67,50.34,1004.13
2025-05-14T10:52:49.349295,26.65,50.43,1004.13
2025-05-14T10:52:49.444719,26.65,50.43,1004.13
2025-05-14T10:52:50.446187,26.65,50.43,1004.13
2025-05-14T10:52:52.366994,26.64,50.31,1004.15
2025-05-14T10:52:52.445897,26.64,50.31,1004.15
2025-05-14T10:52:53.448132,26.64,50.31,1004.15
2025-05-14T10:52:55.385504,26.62,50.07,1004.13
2025-05-14T10:52:55.446854,26.62,50.07,1004.13
2025-05-14T10:52:56.447790,26.62,50.07,1004.13
2025-05-14T10:52:58.371967,26.6,50.04,1004.09
2025-05-14T10:52:58.451963,26.6,50.04,1004.09
2025-05-14T10:52:59.452251,26.6,50.04,1004.09
2025-05-14T10:53:01.387462,26.58,50.06,1004.11
2025-05-14T10:53:01.450277,26.58,50.06,1004.11
2025-05-14T10:53:02.449381,26.58,50.06,1004.11
2025-05-14T10:53:04.369041,26.56,50.19,1004.09
2025-05-14T10:53:04.448568,26.56,50.19,1004.09
2025-05-14T10:53:05.450544,26.56,50.19,1004.09
2025-05-14T10:53:07.371632,26.53,50.26,1004.11
2025-05-14T10:53:07.449894,26.53,50.26,1004.11
2025-05-14T10:53:08.455344,26.53,50.26,1004.11
2025-05-14T10:53:10.400373,26.52,50.44,1004.13
2025-05-14T10:53:10.447729,26.52,50.44,1004.13
2025-05-14T10:53:11.460475,26.52,50.44,1004.13
2025-05-14T10:53:13.409333,26.49,50.51,1004.07
2025-05-14T10:53:13.486658,26.49,50.51,1004.07
2025-05-14T10:53:14.483533,26.49,50.51,1004.07
2025-05-14T10:53:16.397905,26.48,50.55,1004.1
2025-05-14T10:53:16.478148,26.48,50.55,1004.1
2025-05-14T10:53:17.491218,26.48,50.55,1004.1
2025-05-14T10:53:19.408554,26.46,50.64,1004.1
2025-05-14T10:53:19.502789,26.46,50.64,1004.1
2025-05-14T10:53:20.517778,26.46,50.64,1004.1
2025-05-14T10:53:22.414506,26.43,50.75,1004.1
2025-05-14T10:53:22.510285,26.43,50.75,1004.1
2025-05-14T10:53:23.505959,26.43,50.75,1004.1
2025-05-14T10:53:25.424414,26.42,50.8,1004.12
2025-05-14T10:53:25.518942,26.42,50.8,1004.12
2025-05-14T10:53:26.520203,26.42,50.8,1004.12
2025-05-14T10:53:28.422837,26.4,50.84,1004.12
2025-05-14T10:53:28.535138,26.4,50.84,1004.12
2025-05-14T10:53:29.547167,26.4,50.84,1004.12
2025-05-14T10:53:31.447811,26.38,50.87,1004.11
2025-05-14T10:53:31.543470,26.38,50.87,1004.11
2025-05-14T10:53:32.557621,26.38,50.87,1004.11
2025-05-14T10:53:34.444280,26.36,50.9,1004.08
2025-05-14T10:53:34.554455,26.36,50.9,1004.08
2025-05-14T10:53:35.567387,26.36,50.9,1004.08
2025-05-14T10:53:37.468387,26.35,50.93,1004.1
2025-05-14T10:53:37.595695,26.35,50.93,1004.1
2025-05-14T10:53:38.609808,26.35,50.93,1004.1
2025-05-14T10:53:40.478538,26.33,50.96,1004.09
2025-05-14T10:53:40.605357,26.33,50.96,1004.09
2025-05-14T10:53:41.619775,26.33,50.96,1004.09
2025-05-14T10:53:43.477409,26.31,51.32,1004.1
2025-05-14T10:53:43.618385,26.31,51.32,1004.1
2025-05-14T10:53:44.632486,26.31,51.32,1004.1
2025-05-14T10:53:46.498768,26.3,51.21,1004.1
2025-05-14T10:53:46.659511,26.3,51.21,1004.1
2025-05-14T10:53:47.675296,26.3,51.21,1004.1
2025-05-14T10:53:49.484804,26.29,51.17,1004.12
2025-05-14T10:53:49.707834,26.29,51.17,1004.12
2025-05-14T10:53:50.722167,26.29,51.17,1004.12
2025-05-14T10:53:52.495774,26.28,51.34,1004.1
2025-05-14T10:53:52.749979,26.28,51.34,1004.1
2025-05-14T10:53:53.761695,26.28,51.34,1004.1
2025-05-14T10:53:55.497162,26.26,51.32,1004.1
2025-05-14T10:53:55.786530,26.26,51.32,1004.1
2025-05-14T10:53:56.799086,26.26,51.32,1004.1
2025-05-14T10:53:58.501336,26.25,51.82,1004.12
2025-05-14T10:53:58.783867,26.25,51.82,1004.12
2025-05-14T10:53:59.804557,26.25,51.82,1004.12
2025-05-14T10:54:01.510566,26.24,51.21,1004.13
2025-05-14T10:54:01.831668,26.24,51.21,1004.13
2025-05-14T10:54:02.853775,26.24,51.21,1004.13
2025-05-14T10:54:04.496358,26.22,51.24,1004.12
2025-05-14T10:54:04.851034,26.22,51.24,1004.12
2025-05-14T10:54:05.853506,26.22,51.24,1004.12
2025-05-14T10:54:07.519281,26.21,51.54,1004.1
2025-05-14T10:54:07.866438,26.21,51.54,1004.1
2025-05-14T10:54:08.862107,26.21,51.54,1004.1
2025-05-14T10:54:10.510063,26.19,51.98,1004.11
2025-05-14T10:54:10.895910,26.19,51.98,1004.11
2025-05-14T10:54:11.909713,26.19,51.98,1004.11
2025-05-14T10:54:13.506785,26.18,51.42,1004.09
2025-05-14T10:54:13.939069,26.18,51.42,1004.09
2025-05-14T10:54:14.952357,26.18,51.42,1004.09
2025-05-14T10:54:16.546658,26.16,51.19,1004.1
2025-05-14T10:54:16.964832,26.16,51.19,1004.1
2025-05-14T10:54:17.980247,26.16,51.19,1004.1
2025-05-14T10:54:19.540021,26.14,51.19,1004.12
2025-05-14T10:54:20.006117,26.14,51.19,1004.12
2025-05-14T10:54:21.015770,26.14,51.19,1004.12
2025-05-14T10:54:22.538951,26.12,51.64,1004.11
2025-05-14T10:54:23.021104,26.12,51.64,1004.11
2025-05-14T10:54:24.018624,26.12,51.64,1004.11
2025-05-14T10:54:25.552079,26.12,56.42,1004.1
2025-05-14T10:54:26.030623,26.12,56.42,1004.1
2025-05-14T10:54:27.043247,26.12,56.42,1004.1
2025-05-14T10:54:28.542125,26.17,64.35,981.13
2025-05-14T10:54:29.071884,26.17,64.35,981.13
2025-05-14T10:54:30.088243,26.17,64.35,981.13
2025-05-14T10:54:31.572827,26.25,65.86,1004.12
2025-05-14T10:54:32.117611,26.25,65.86,1004.12
2025-05-14T10:54:33.131582,26.25,65.86,1004.12
2025-05-14T10:54:34.583056,26.4,68.47,997.35
2025-05-14T10:54:35.160566,26.4,68.47,997.35
2025-05-14T10:54:36.172765,26.4,68.47,997.35
2025-05-14T10:54:37.609011,26.53,70.1,993.92
2025-05-14T10:54:38.187875,26.53,70.1,993.92
2025-05-14T10:54:39.199855,26.53,70.1,993.92
2025-05-14T10:54:40.601047,26.69,71.22,1005.49
2025-05-14T10:54:41.213590,26.69,71.22,1005.49
2025-05-14T10:54:42.228778,26.69,71.22,1005.49
2025-05-14T10:54:43.616373,26.89,73.84,982.45
2025-05-14T10:54:44.227217,26.89,73.84,982.45
2025-05-14T10:54:45.226778,26.89,73.84,982.45
2025-05-14T10:54:46.612793,27.09,77.3,986.11
2025-05-14T10:54:47.224729,27.09,77.3,986.11
2025-05-14T10:54:48.240028,27.09,77.3,986.11
2025-05-14T10:54:49.622893,27.28,76.54,1004.12
2025-05-14T10:54:50.282373,27.28,76.54,1004.12
2025-05-14T10:54:51.296884,27.28,76.54,1004.12
2025-05-14T10:54:52.622819,27.49,76.81,1004.14
2025-05-14T10:54:53.294334,27.49,76.81,1004.14
2025-05-14T10:54:54.307094,27.49,76.81,1004.14
2025-05-14T10:54:55.630916,27.65,67.13,1004.12
2025-05-14T10:54:56.337277,27.65,67.13,1004.12
2025-05-14T10:54:57.353711,27.65,67.13,1004.12
2025-05-14T10:54:58.628718,27.8,60.11,1004.14
2025-05-14T10:54:59.383618,27.8,60.11,1004.14
2025-05-14T10:55:00.398920,27.8,60.11,1004.14
2025-05-14T10:55:01.620841,27.94,56.43,1004.11
2025-05-14T10:55:02.409445,27.94,56.43,1004.11
2025-05-14T10:55:03.426862,27.94,56.43,1004.11
2025-05-14T10:55:04.618217,28.06,54.25,1004.12
2025-05-14T10:55:05.471096,28.06,54.25,1004.12
2025-05-14T10:55:06.471807,28.06,54.25,1004.12
2025-05-14T10:55:07.602772,28.17,53.67,1004.09
2025-05-14T10:55:08.480439,28.17,53.67,1004.09
2025-05-14T10:55:09.478915,28.17,53.67,1004.09
2025-05-14T10:55:10.610381,28.26,52.43,1004.12
2025-05-14T10:55:11.510557,28.26,52.43,1004.12
2025-05-14T10:55:12.510878,28.26,52.43,1004.12
2025-05-14T10:55:13.625126,28.34,51.38,1004.08
2025-05-14T10:55:14.540953,28.34,51.38,1004.08
2025-05-14T10:55:15.559528,28.34,51.38,1004.08
2025-05-14T10:55:16.621295,28.41,51.58,1004.09
2025-05-14T10:55:17.588493,28.41,51.58,1004.09
2025-05-14T10:55:19.630038,28.46,50.63,1004.1
2025-05-14T10:55:20.621654,28.46,50.63,1004.1
2025-05-14T10:55:22.652679,28.51,50.02,1004.09
2025-05-14T10:55:23.650832,28.51,50.02,1004.09
2025-05-14T10:55:25.669293,28.55,49.81,1004.11
2025-05-14T10:55:26.679936,28.55,49.81,1004.11
2025-05-14T10:55:28.678598,28.58,49.52,1004.13
2025-05-14T10:55:28.692371,28.58,49.52,1004.13
2025-05-14T10:55:29.712267,28.58,49.52,1004.13
2025-05-14T10:55:31.679951,28.61,49.55,1004.11
2025-05-14T10:55:31.710498,28.61,49.55,1004.11
2025-05-14T10:55:32.722154,28.61,49.55,1004.11
2025-05-14T10:55:34.704128,28.63,49.21,1004.1
2025-05-14T10:55:34.764758,28.63,49.21,1004.1
2025-05-14T10:55:35.779371,28.63,49.21,1004.1
2025-05-14T10:55:37.715905,28.64,49.21,1004.1
2025-05-14T10:55:37.778015,28.64,49.21,1004.1
2025-05-14T10:55:38.794761,28.64,49.21,1004.1
2025-05-14T10:55:40.711958,28.65,48.96,1004.1
2025-05-14T10:55:40.791431,28.65,48.96,1004.1
2025-05-14T10:55:41.805963,28.65,48.96,1004.1
2025-05-14T10:55:43.742300,28.66,48.93,1004.09
2025-05-14T10:55:43.804717,28.66,48.93,1004.09
2025-05-14T10:55:44.821505,28.66,48.93,1004.09
2025-05-14T10:55:46.740380,28.66,48.82,1004.12
2025-05-14T10:55:46.819256,28.66,48.82,1004.12
2025-05-14T10:55:47.818414,28.66,48.82,1004.12
2025-05-14T10:55:49.769198,28.66,48.71,1004.12
2025-05-14T10:55:49.814958,28.66,48.71,1004.12
2025-05-14T10:55:50.837113,28.66,48.71,1004.12
2025-05-14T10:55:52.784783,28.66,48.53,1004.11
2025-05-14T10:55:52.849753,28.66,48.53,1004.11
2025-05-14T10:55:53.863695,28.66,48.53,1004.11
2025-05-14T10:55:55.782589,28.66,48.38,1004.1
2025-05-14T10:55:55.893312,28.66,48.38,1004.1
2025-05-14T10:55:56.909176,28.66,48.38,1004.1
2025-05-14T10:55:58.772704,28.65,48.12,1004.11
2025-05-14T10:55:58.902353,28.65,48.12,1004.11
2025-05-14T10:55:59.919673,28.65,48.12,1004.11
2025-05-14T10:56:01.790701,28.63,47.48,1004.12
2025-05-14T10:56:01.917242,28.63,47.48,1004.12
2025-05-14T10:56:02.934584,28.63,47.48,1004.12
2025-05-14T10:56:04.797763,28.64,53.53,1003.65
2025-05-14T10:56:04.937908,28.64,53.53,1003.65
2025-05-14T10:56:05.947332,28.64,53.53,1003.65
2025-05-14T10:56:07.817540,28.66,54.76,1004.12
2025-05-14T10:56:07.974136,28.66,54.76,1004.12
2025-05-14T10:56:08.990986,28.66,54.76,1004.12
2025-05-14T10:56:10.811188,28.69,50.83,999.47
2025-05-14T10:56:11.018998,28.69,50.83,999.47
2025-05-14T10:56:12.033975,28.69,50.83,999.47
2025-05-14T10:56:13.794381,28.75,56.09,1003.49
2025-05-14T10:56:14.066387,28.75,56.09,1003.49
2025-05-14T10:56:15.084659,28.75,56.09,1003.49
2025-05-14T10:56:16.793544,28.83,57.82,1002.95
2025-05-14T10:56:17.115465,28.83,57.82,1002.95
2025-05-14T10:56:18.130528,28.83,57.82,1002.95
2025-05-14T10:56:19.802191,28.92,53.15,1004.14
2025-05-14T10:56:20.153920,28.92,53.15,1004.14
2025-05-14T10:56:21.168632,28.92,53.15,1004.14
2025-05-14T10:56:22.809808,29.14,71.7,1004.3
2025-05-14T10:56:23.196474,29.14,71.7,1004.3
2025-05-14T10:56:24.206511,29.14,71.7,1004.3
2025-05-14T10:56:25.817430,29.4,57.73,999.86
2025-05-14T10:56:26.219235,29.4,57.73,999.86
2025-05-14T10:56:27.234532,29.4,57.73,999.86
2025-05-14T10:56:28.830778,29.73,51.71,999.24
2025-05-14T10:56:29.247222,29.73,51.71,999.24
2025-05-14T10:56:30.264577,29.73,51.71,999.24
2025-05-14T10:56:31.845360,30.03,51.01,1004.16
2025-05-14T10:56:32.280101,30.03,51.01,1004.16
2025-05-14T10:56:33.297779,30.03,51.01,1004.16
2025-05-14T10:56:34.874193,31.43,82.54,1008.33
2025-05-14T10:56:35.325673,31.43,82.54,1008.33
2025-05-14T10:56:36.337414,31.43,82.54,1008.33
2025-05-14T10:56:37.885753,31.4,86.71,1004.21
2025-05-14T10:56:38.367478,31.4,86.71,1004.21
2025-05-14T10:56:39.384225,31.4,86.71,1004.21
2025-05-14T10:56:40.905030,30.23,84.33,1001.22
2025-05-14T10:56:41.414851,30.23,84.33,1001.22
2025-05-14T10:56:42.429598,30.23,84.33,1001.22
2025-05-14T10:56:43.915733,30.41,66.62,1004.16
2025-05-14T10:56:44.457424,30.41,66.62,1004.16
2025-05-14T10:56:45.471192,30.41,66.62,1004.16
2025-05-14T10:56:46.905724,30.46,61.59,1003.14
2025-05-14T10:56:47.500750,30.46,61.59,1003.14
2025-05-14T10:56:48.514968,30.46,61.59,1003.14
2025-05-14T10:56:49.919656,30.54,65.54,1004.24
2025-05-14T10:56:50.528206,30.54,65.54,1004.24
2025-05-14T10:56:51.536705,30.54,65.54,1004.24
2025-05-14T10:56:52.920633,30.62,56.15,1004.17
2025-05-14T10:56:53.548572,30.62,56.15,1004.17
2025-05-14T10:56:54.546413,30.62,56.15,1004.17
2025-05-14T10:56:55.917534,30.68,63.96,1004.16
2025-05-14T10:56:56.561721,30.68,63.96,1004.16
2025-05-14T10:56:57.560458,30.68,63.96,1004.16
2025-05-14T10:56:58.947125,30.73,62.48,1004.17
2025-05-14T10:56:59.591556,30.73,62.48,1004.17
2025-05-14T10:57:00.599835,30.73,62.48,1004.17
2025-05-14T10:57:01.944461,30.77,52.24,1004.17
2025-05-14T10:57:02.603949,30.77,52.24,1004.17
2025-05-14T10:57:03.607844,30.77,52.24,1004.17
2025-05-14T10:57:04.937626,30.82,48.28,1004.15
2025-05-14T10:57:05.622484,30.82,48.28,1004.15
2025-05-14T10:57:06.615179,30.82,48.28,1004.15
2025-05-14T10:57:07.931005,30.85,47.46,1004.14
2025-05-14T10:57:08.619299,30.85,47.46,1004.14
2025-05-14T10:57:09.630434,30.85,47.46,1004.14
2025-05-14T10:57:10.951187,30.87,46.08,1004.11
2025-05-14T10:57:11.654489,30.87,46.08,1004.11
2025-05-14T10:57:12.648656,30.87,46.08,1004.11
2025-05-14T10:57:13.951293,30.88,44.78,1004.14
2025-05-14T10:57:14.674593,30.88,44.78,1004.14
2025-05-14T10:57:15.685480,30.88,44.78,1004.14
2025-05-14T10:57:16.943788,30.88,44.52,1004.13
2025-05-14T10:57:17.715127,30.88,44.52,1004.13
2025-05-14T10:57:18.728241,30.88,44.52,1004.13
2025-05-14T10:57:19.961320,30.87,43.98,1004.15
2025-05-14T10:57:20.726805,30.87,43.98,1004.15
2025-05-14T10:57:21.733613,30.87,43.98,1004.15
2025-05-14T10:57:22.962868,30.86,43.92,1004.13
2025-05-14T10:57:23.743076,30.86,43.92,1004.13
2025-05-14T10:57:24.748895,30.86,43.92,1004.13
2025-05-14T10:57:25.965912,30.85,44.02,1004.16
2025-05-14T10:57:26.753552,30.85,44.02,1004.16
2025-05-14T10:57:27.770691,30.85,44.02,1004.16
2025-05-14T10:57:28.975771,30.82,44.2,1004.13
2025-05-14T10:57:29.805326,30.82,44.2,1004.13
2025-05-14T10:57:30.806305,30.82,44.2,1004.13
2025-05-14T10:57:31.987198,30.8,43.98,1004.13
2025-05-14T10:57:32.826721,30.8,43.98,1004.13
2025-05-14T10:57:33.840631,30.8,43.98,1004.13
2025-05-14T10:57:34.970502,30.77,44.03,1004.11
2025-05-14T10:57:35.854179,30.77,44.03,1004.11
2025-05-14T10:57:36.857336,30.77,44.03,1004.11
2025-05-14T10:57:37.973862,30.74,44.48,1004.15
2025-05-14T10:57:38.870770,30.74,44.48,1004.15
2025-05-14T10:57:39.871700,30.74,44.48,1004.15
2025-05-14T10:57:40.987439,30.71,44.18,1004.15
2025-05-14T10:57:41.877077,30.71,44.18,1004.15
2025-05-14T10:57:42.880456,30.71,44.18,1004.15
2025-05-14T10:57:44.005429,30.67,44.52,1004.12
2025-05-14T10:57:44.890480,30.67,44.52,1004.12
2025-05-14T10:57:45.897555,30.67,44.52,1004.12
2025-05-14T10:57:47.012473,30.64,44.4,1004.11
2025-05-14T10:57:47.919920,30.64,44.4,1004.11
2025-05-14T10:57:48.924645,30.64,44.4,1004.11
2025-05-14T10:57:50.023983,30.61,44.58,1004.12
2025-05-14T10:57:50.923759,30.61,44.58,1004.12
2025-05-14T10:57:51.923241,30.61,44.58,1004.12
2025-05-14T10:57:53.007021,30.58,44.73,1004.13
2025-05-14T10:57:53.923820,30.58,44.73,1004.13
2025-05-14T10:57:54.923102,30.58,44.73,1004.13
2025-05-14T10:57:55.990545,30.54,44.75,1004.11
2025-05-14T10:57:56.940434,30.54,44.75,1004.11
2025-05-14T10:57:57.952380,30.54,44.75,1004.11
2025-05-14T10:57:59.040374,30.51,44.62,1004.1
2025-05-14T10:57:59.958107,30.51,44.62,1004.1
2025-05-14T10:58:00.976350,30.51,44.62,1004.1
2025-05-14T10:58:02.076115,30.48,44.62,1004.09
2025-05-14T10:58:02.974646,30.48,44.62,1004.09
2025-05-14T10:58:03.973330,30.48,44.62,1004.09
2025-05-14T10:58:05.058582,30.44,44.47,1004.11
2025-05-14T10:58:05.973153,30.44,44.47,1004.11
2025-05-14T10:58:06.971859,30.44,44.47,1004.11
2025-05-14T10:58:08.063262,30.4,43.65,1004.12
2025-05-14T10:58:08.974650,30.4,43.65,1004.12
2025-05-14T10:58:09.971787,30.4,43.65,1004.12
2025-05-14T10:58:11.006199,30.37,43.93,1004.15
2025-05-14T10:58:11.988560,30.37,43.93,1004.15
2025-05-14T10:58:14.028676,30.32,43.54,1004.11
2025-05-14T10:58:15.002532,30.32,43.54,1004.11
2025-05-14T10:58:17.013823,30.28,43.24,1004.12
2025-05-14T10:58:17.029681,30.28,43.24,1004.12
2025-05-14T10:58:18.037012,30.28,43.24,1004.12
2025-05-14T10:58:20.021134,30.24,43.44,1004.09
2025-05-14T10:58:20.052819,30.24,43.44,1004.09
2025-05-14T10:58:21.047572,30.24,43.44,1004.09
2025-05-14T10:58:23.027172,30.18,43.31,1004.07
2025-05-14T10:58:23.045258,30.18,43.31,1004.07
2025-05-14T10:58:24.051102,30.18,43.31,1004.07
2025-05-14T10:58:26.026595,30.13,43.19,1004.11
2025-05-14T10:58:26.056238,30.13,43.19,1004.11
2025-05-14T10:58:27.053121,30.13,43.19,1004.11
2025-05-14T10:58:29.029256,30.07,43.51,1004.1
2025-05-14T10:58:29.080870,30.07,43.51,1004.1
2025-05-14T10:58:30.077450,30.07,43.51,1004.1
2025-05-14T10:58:32.043085,30.02,43.78,1004.1
2025-05-14T10:58:32.072716,30.02,43.78,1004.1
2025-05-14T10:58:33.070179,30.02,43.78,1004.1
2025-05-14T10:58:35.045995,29.96,43.51,1004.09
2025-05-14T10:58:35.091345,29.96,43.51,1004.09
2025-05-14T10:58:36.065931,29.96,43.51,1004.09
2025-05-14T10:58:38.026190,29.91,43.54,1004.08
2025-05-14T10:58:38.079767,29.91,43.54,1004.08
2025-05-14T10:58:39.070812,29.91,43.54,1004.08
2025-05-14T10:58:41.038041,29.85,44.21,1004.06
2025-05-14T10:58:41.117335,29.85,44.21,1004.06
2025-05-14T10:58:42.088623,29.85,44.21,1004.06
2025-05-14T10:58:44.046754,29.79,44.7,1004.04
2025-05-14T10:58:44.126272,29.79,44.7,1004.04
2025-05-14T10:58:45.121664,29.79,44.7,1004.04
2025-05-14T10:58:47.066204,29.74,44.73,1004.07
2025-05-14T10:58:47.129964,29.74,44.73,1004.07
2025-05-14T10:58:48.140344,29.74,44.73,1004.07
2025-05-14T10:58:50.085563,29.69,45.14,1004.08
2025-05-14T10:58:50.141413,29.69,45.14,1004.08
2025-05-14T10:58:51.139828,29.69,45.14,1004.08
2025-05-14T10:58:53.077462,29.64,45.21,1004.08
2025-05-14T10:58:53.142654,29.64,45.21,1004.08
2025-05-14T10:58:54.128806,29.64,45.21,1004.08
2025-05-14T10:58:56.081860,29.6,45.38,1004.07
2025-05-14T10:58:56.139591,29.6,45.38,1004.07
2025-05-14T10:58:57.140663,29.6,45.38,1004.07
2025-05-14T10:58:59.099767,29.54,45.37,1004.09
2025-05-14T10:58:59.151232,29.54,45.37,1004.09
2025-05-14T10:59:00.139281,29.54,45.37,1004.09
2025-05-14T10:59:02.107805,29.49,44.7,1004.1
2025-05-14T10:59:02.180670,29.49,44.7,1004.1
2025-05-14T10:59:03.145669,29.49,44.7,1004.1
2025-05-14T10:59:05.106914,29.45,44.5,1004.12
2025-05-14T10:59:05.175322,29.45,44.5,1004.12
2025-05-14T10:59:06.181505,29.45,44.5,1004.12
2025-05-14T10:59:08.109414,29.39,44.53,1004.08
2025-05-14T10:59:08.186039,29.39,44.53,1004.08
2025-05-14T10:59:09.194464,29.39,44.53,1004.08
2025-05-14T10:59:11.125171,29.34,44.4,1004.11
2025-05-14T10:59:11.210522,29.34,44.4,1004.11
2025-05-14T10:59:12.216532,29.34,44.4,1004.11
2025-05-14T10:59:14.124678,29.28,44.53,1004.11
2025-05-14T10:59:14.224097,29.28,44.53,1004.11
2025-05-14T10:59:15.239942,29.28,44.53,1004.11
2025-05-14T10:59:17.142001,29.23,44.7,1004.11
2025-05-14T10:59:17.257467,29.23,44.7,1004.11
2025-05-14T10:59:18.272198,29.23,44.7,1004.11
2025-05-14T10:59:20.130151,29.18,44.93,1004.11
2025-05-14T10:59:20.270232,29.18,44.93,1004.11
2025-05-14T10:59:21.271812,29.18,44.93,1004.11
2025-05-14T10:59:23.123213,29.13,44.77,1004.08
2025-05-14T10:59:23.282787,29.13,44.77,1004.08
2025-05-14T10:59:24.281255,29.13,44.77,1004.08
2025-05-14T10:59:26.124045,29.08,44.86,1004.11
2025-05-14T10:59:26.272457,29.08,44.86,1004.11
2025-05-14T10:59:27.283432,29.08,44.86,1004.11
2025-05-14T10:59:29.123278,29.03,45.06,1004.08
2025-05-14T10:59:29.299269,29.03,45.06,1004.08
2025-05-14T10:59:30.297012,29.03,45.06,1004.08
2025-05-14T10:59:32.123675,28.98,45.41,1004.07
2025-05-14T10:59:32.290603,28.98,45.41,1004.07
2025-05-14T10:59:33.304360,28.98,45.41,1004.07
2025-05-14T10:59:35.140584,28.93,46.0,1004.08
2025-05-14T10:59:35.332451,28.93,46.0,1004.08
2025-05-14T10:59:36.339748,28.93,46.0,1004.08
2025-05-14T10:59:38.143569,28.88,46.12,1004.1
2025-05-14T10:59:38.355715,28.88,46.12,1004.1
2025-05-14T10:59:39.359366,28.88,46.12,1004.1
2025-05-14T10:59:41.144240,28.83,45.92,1004.09
2025-05-14T10:59:41.357464,28.83,45.92,1004.09
2025-05-14T10:59:42.357069,28.83,45.92,1004.09
2025-05-14T10:59:44.156751,28.79,46.07,1004.08
2025-05-14T10:59:44.357198,28.79,46.07,1004.08
2025-05-14T10:59:45.354356,28.79,46.07,1004.08
2025-05-14T10:59:47.156627,28.75,46.18,1004.1
2025-05-14T10:59:47.351890,28.75,46.18,1004.1
2025-05-14T10:59:48.351562,28.75,46.18,1004.1
2025-05-14T10:59:50.162161,28.71,46.29,1004.11
2025-05-14T10:59:50.352320,28.71,46.29,1004.11
2025-05-14T10:59:51.356018,28.71,46.29,1004.11
2025-05-14T10:59:53.169450,28.67,46.31,1004.1
2025-05-14T10:59:53.353857,28.67,46.31,1004.1
2025-05-14T10:59:54.353122,28.67,46.31,1004.1
2025-05-14T10:59:56.158369,28.63,46.37,1004.08
2025-05-14T10:59:56.356397,28.63,46.37,1004.08
2025-05-14T10:59:57.360080,28.63,46.37,1004.08
2025-05-14T10:59:59.190860,28.59,46.45,1004.07
2025-05-14T10:59:59.372397,28.59,46.45,1004.07
2025-05-14T11:00:00.371786,28.59,46.45,1004.07
2025-05-14T11:00:02.179459,28.54,46.49,1004.08
2025-05-14T11:00:02.367830,28.54,46.49,1004.08
2025-05-14T11:39:08.024572,29.4,39.94,1003.26
2025-05-14T11:39:08.288819,29.4,39.94,1003.26
2025-05-14T11:39:09.285137,29.4,39.94,1003.26
2025-05-14T11:39:10.288098,29.4,39.94,1003.26
2025-05-14T11:39:11.290298,29.42,39.41,1003.23
2025-05-14T11:39:12.303317,29.42,39.41,1003.23
2025-05-14T11:39:13.305893,29.42,39.41,1003.23
2025-05-14T11:39:14.302635,29.44,39.1,1003.23
2025-05-14T11:39:15.320008,29.44,39.1,1003.23
2025-05-14T11:39:16.323232,29.44,39.1,1003.23
2025-05-14T11:39:17.321592,29.46,38.79,1003.24
2025-05-14T11:39:18.323975,29.46,38.79,1003.24
2025-05-14T11:39:19.339791,29.46,38.79,1003.24
2025-05-14T11:39:20.339305,29.46,38.47,1003.24
2025-05-14T11:39:21.351609,29.46,38.47,1003.24
2025-05-14T11:39:22.355455,29.46,38.47,1003.24
2025-05-14T11:39:23.355017,29.46,38.26,1003.21
2025-05-14T11:39:24.353689,29.46,38.26,1003.21
2025-05-14T11:39:25.360909,29.46,38.26,1003.21
2025-05-14T11:39:26.346463,29.46,38.1,1003.2
2025-05-14T11:39:27.357444,29.46,38.1,1003.2
2025-05-14T11:39:28.354932,29.46,38.1,1003.2
2025-05-14T11:39:29.365615,29.45,38.0,1003.21
2025-05-14T11:39:30.369389,29.45,38.0,1003.21
2025-05-14T11:39:31.375276,29.45,38.0,1003.21
2025-05-14T11:39:32.373632,29.44,37.87,1003.2
2025-05-14T11:39:33.369138,29.44,37.87,1003.2
2025-05-14T11:39:34.366658,29.44,37.87,1003.2
2025-05-14T11:39:35.370492,29.42,37.79,1003.21
2025-05-14T11:39:36.373559,29.42,37.79,1003.21
2025-05-14T11:39:37.369609,29.42,37.79,1003.21
2025-05-14T11:39:38.374962,29.41,37.73,1003.18
2025-05-14T11:39:39.373102,29.41,37.73,1003.18
2025-05-14T11:39:40.367656,29.41,37.73,1003.18
2025-05-14T11:39:41.390666,29.38,37.69,1003.19
2025-05-14T11:39:42.371781,29.38,37.69,1003.19
2025-05-14T11:39:43.390690,29.38,37.69,1003.19
2025-05-14T11:39:44.388289,29.35,37.68,1003.17
2025-05-14T11:39:45.705924,29.35,37.68,1003.17
2025-05-14T11:39:46.404467,29.35,37.68,1003.17
2025-05-14T11:39:47.405841,29.33,37.64,1003.18
2025-05-14T11:39:48.406605,29.33,37.64,1003.18
2025-05-14T11:39:49.401287,29.33,37.64,1003.18
2025-05-14T11:39:50.400021,29.31,37.64,1003.16
2025-05-14T11:39:51.405880,29.31,37.64,1003.16
2025-05-14T11:39:52.400714,29.31,37.64,1003.16
2025-05-14T11:39:53.407484,29.28,37.63,1003.17
2025-05-14T11:39:54.404996,29.28,37.63,1003.17
2025-05-14T11:39:55.407324,29.28,37.63,1003.17
2025-05-14T11:39:56.402151,29.25,37.71,1003.19
2025-05-14T11:39:57.408174,29.25,37.71,1003.19
2025-05-14T11:39:58.406712,29.25,37.71,1003.19
2025-05-14T11:39:59.405174,29.22,37.73,1003.19
2025-05-14T11:40:00.397061,29.22,37.73,1003.19
2025-05-14T11:40:01.406353,29.22,37.73,1003.19
2025-05-14T11:40:02.405543,29.19,37.7,1003.21
2025-05-14T11:40:03.406316,29.19,37.7,1003.21
2025-05-14T11:40:04.405697,29.19,37.7,1003.21
2025-05-14T11:40:05.406903,29.16,37.66,1003.18
2025-05-14T11:40:06.407372,29.16,37.66,1003.18
2025-05-14T11:40:07.407389,29.16,37.66,1003.18
2025-05-14T11:40:08.406664,29.13,37.68,1003.19
2025-05-14T11:40:09.405658,29.13,37.68,1003.19
2025-05-14T11:40:10.403222,29.13,37.68,1003.19
2025-05-14T11:40:11.407682,29.09,37.74,1003.18
2025-05-14T11:40:12.408104,29.09,37.74,1003.18
2025-05-14T11:40:13.407526,29.09,37.74,1003.18
2025-05-14T11:40:14.406307,29.05,37.74,1003.18
2025-05-14T11:40:15.404909,29.05,37.74,1003.18
2025-05-14T11:40:16.408306,29.05,37.74,1003.18
2025-05-14T11:40:17.408664,29.01,37.74,1003.18
2025-05-14T11:40:18.409037,29.01,37.74,1003.18
2025-05-14T11:40:19.394916,29.01,37.74,1003.18
2025-05-14T11:40:20.395308,28.97,37.79,1003.21
2025-05-14T11:40:21.407311,28.97,37.79,1003.21
2025-05-14T11:40:22.406944,28.97,37.79,1003.21
2025-05-14T11:40:23.404179,28.93,37.8,1003.19
2025-05-14T11:40:24.408241,28.93,37.8,1003.19
2025-05-14T11:40:25.407219,28.93,37.8,1003.19
2025-05-14T11:40:26.407265,28.89,37.84,1003.2
2025-05-14T11:40:27.407360,28.89,37.84,1003.2
2025-05-14T11:40:28.407134,28.89,37.84,1003.2
2025-05-14T11:40:29.406670,28.84,37.88,1003.18
2025-05-14T11:40:30.406452,28.84,37.88,1003.18
2025-05-14T11:40:31.407554,28.84,37.88,1003.18
2025-05-14T11:40:32.394611,28.79,37.94,1003.16
2025-05-14T11:40:33.408213,28.79,37.94,1003.16
2025-05-14T11:40:34.397262,28.79,37.94,1003.16
2025-05-14T11:40:35.406699,28.75,37.95,1003.17
2025-05-14T11:40:36.405274,28.75,37.95,1003.17
2025-05-14T11:40:37.407100,28.75,37.95,1003.17
2025-05-14T11:40:38.406295,28.72,37.95,1003.17
2025-05-14T11:40:39.396557,28.72,37.95,1003.17
2025-05-14T11:40:40.395902,28.72,37.95,1003.17
2025-05-14T11:40:41.407466,28.67,38.0,1003.2
2025-05-14T11:40:42.410751,28.67,38.0,1003.2
2025-05-14T11:40:43.423972,28.67,38.0,1003.2
2025-05-14T11:40:44.422879,28.63,38.06,1003.19
2025-05-14T11:40:45.409085,28.63,38.06,1003.19
2025-05-14T11:40:46.423200,28.63,38.06,1003.19
2025-05-14T11:40:47.423050,28.59,38.1,1003.19
2025-05-14T11:40:48.424054,28.59,38.1,1003.19
2025-05-14T11:40:49.423904,28.59,38.1,1003.19
2025-05-14T11:40:50.423942,28.56,38.15,1003.21
2025-05-14T11:40:51.424018,28.56,38.15,1003.21
2025-05-14T11:40:52.424048,28.56,38.15,1003.21
2025-05-14T11:40:53.422894,28.52,38.22,1003.21
2025-05-14T11:40:54.422862,28.52,38.22,1003.21
2025-05-14T11:40:55.410617,28.52,38.22,1003.21
2025-05-14T11:40:56.432225,28.49,38.29,1003.18
2025-05-14T11:40:57.434143,28.49,38.29,1003.18
2025-05-14T11:40:58.435800,28.49,38.29,1003.18
2025-05-14T11:40:59.441161,28.45,38.34,1003.2
2025-05-14T11:41:00.455656,28.45,38.34,1003.2
2025-05-14T11:41:01.470381,28.45,38.34,1003.2
2025-05-14T11:41:02.464612,28.42,38.38,1003.21
2025-05-14T11:41:03.465340,28.42,38.38,1003.21
2025-05-14T11:41:04.467934,28.42,38.38,1003.21
2025-05-14T11:41:05.472688,28.38,38.5,1003.18
2025-05-14T11:41:06.490211,28.38,38.5,1003.18
2025-05-14T11:41:07.504924,28.38,38.5,1003.18
2025-05-14T11:41:08.522313,28.35,38.63,1003.19
2025-05-14T11:41:09.541049,28.35,38.63,1003.19
2025-05-14T11:41:11.064513,28.32,38.67,1003.18
2025-05-14T11:41:11.539804,28.32,38.67,1003.18
2025-05-14T11:41:12.554480,28.32,38.67,1003.18
2025-05-14T11:41:14.064656,28.29,38.72,1003.17
2025-05-14T11:41:14.555232,28.29,38.72,1003.17
2025-05-14T11:41:15.553655,28.29,38.72,1003.17
2025-05-14T11:41:17.065433,28.25,38.78,1003.21
2025-05-14T11:41:17.572190,28.25,38.78,1003.21
2025-05-14T11:41:18.577725,28.25,38.78,1003.21
2025-05-14T11:41:20.057222,28.21,38.8,1003.17
2025-05-14T11:41:20.589271,28.21,38.8,1003.17
2025-05-14T11:41:21.598396,28.21,38.8,1003.17
2025-05-14T11:41:23.087798,28.19,38.83,1003.21
2025-05-14T11:41:23.616285,28.19,38.83,1003.21
2025-05-14T11:41:24.638039,28.19,38.83,1003.21
2025-05-14T11:41:26.088820,28.15,38.83,1003.19
2025-05-14T11:41:26.657127,28.15,38.83,1003.19
2025-05-14T11:41:27.655470,28.15,38.83,1003.19
2025-05-14T11:41:29.107327,28.11,38.88,1003.21
2025-05-14T11:41:29.669674,28.11,38.88,1003.21
2025-05-14T11:41:30.673025,28.11,38.88,1003.21
2025-05-14T11:41:32.116719,28.09,38.9,1003.19
2025-05-14T11:41:32.674028,28.09,38.9,1003.19
2025-05-14T11:41:33.673818,28.09,38.9,1003.19
2025-05-14T11:41:35.119634,28.05,38.98,1003.19
2025-05-14T11:41:35.669702,28.05,38.98,1003.19
2025-05-14T11:41:36.673450,28.05,38.98,1003.19
2025-05-14T11:41:38.104035,28.01,39.06,1003.18
2025-05-14T11:41:38.672954,28.01,39.06,1003.18
2025-05-14T11:41:39.671394,28.01,39.06,1003.18
2025-05-14T11:41:41.106571,27.98,39.15,1003.21
2025-05-14T11:41:41.671976,27.98,39.15,1003.21
2025-05-14T11:41:42.672831,27.98,39.15,1003.21
2025-05-14T11:41:44.138437,27.96,39.17,1003.2
2025-05-14T11:41:44.670512,27.96,39.17,1003.2
2025-05-14T11:41:45.670959,27.96,39.17,1003.2
2025-05-14T11:41:47.156383,27.93,39.27,1003.2
2025-05-14T11:41:47.673957,27.93,39.27,1003.2
2025-05-14T11:41:48.671066,27.93,39.27,1003.2
2025-05-14T11:41:50.170640,27.89,39.25,1003.19
2025-05-14T11:41:50.674656,27.89,39.25,1003.19
2025-05-14T11:41:51.700744,27.89,39.25,1003.19
2025-05-14T11:41:53.170794,27.86,39.34,1003.18
2025-05-14T11:41:53.705727,27.86,39.34,1003.18
2025-05-14T11:41:54.722326,27.86,39.34,1003.18
2025-05-14T11:41:56.170065,27.82,39.39,1003.18
2025-05-14T11:41:56.740715,27.82,39.39,1003.18
2025-05-14T11:41:57.757400,27.82,39.39,1003.18
2025-05-14T11:41:59.167087,27.79,39.49,1003.19
2025-05-14T11:41:59.784415,27.79,39.49,1003.19
2025-05-14T11:42:00.798654,27.79,39.49,1003.19
2025-05-14T11:42:02.171465,27.76,39.53,1003.17
2025-05-14T11:42:02.790132,27.76,39.53,1003.17
2025-05-14T11:42:03.789495,27.76,39.53,1003.17
2025-05-14T11:42:05.173202,27.73,39.64,1003.17
2025-05-14T11:42:05.787422,27.73,39.64,1003.17
2025-05-14T11:42:06.788862,27.73,39.64,1003.17
2025-05-14T11:42:08.140892,27.7,39.68,1003.16
2025-05-14T11:42:08.790293,27.7,39.68,1003.16
2025-05-14T11:42:09.804886,27.7,39.68,1003.16
2025-05-14T11:42:11.166985,27.67,39.75,1003.18
2025-05-14T11:42:11.824666,27.67,39.75,1003.18
2025-05-14T11:42:12.827857,27.67,39.75,1003.18
2025-05-14T11:42:14.170937,27.64,39.84,1003.17
2025-05-14T11:42:14.839445,27.64,39.84,1003.17
2025-05-14T11:42:15.855321,27.64,39.84,1003.17
2025-05-14T11:42:17.186096,27.62,39.97,1003.2
2025-05-14T11:42:17.885910,27.62,39.97,1003.2
2025-05-14T11:42:18.905050,27.62,39.97,1003.2
2025-05-14T11:42:20.192767,27.58,40.04,1003.19
2025-05-14T11:42:20.934791,27.58,40.04,1003.19
2025-05-14T11:42:21.937900,27.58,40.04,1003.19
2025-05-14T11:42:23.190543,27.54,39.98,1003.18
2025-05-14T11:42:23.955930,27.54,39.98,1003.18
2025-05-14T11:42:24.958122,27.54,39.98,1003.18
2025-05-14T11:42:26.203831,27.51,40.0,1003.17
2025-05-14T11:42:26.989764,27.51,40.0,1003.17
2025-05-14T11:42:27.987742,27.51,40.0,1003.17
2025-05-14T11:42:29.190884,27.48,40.01,1003.18
2025-05-14T11:42:30.004492,27.48,40.01,1003.18
2025-05-14T11:42:31.024171,27.48,40.01,1003.18
2025-05-14T11:42:32.204956,27.45,40.16,1003.18
2025-05-14T11:42:33.056156,27.45,40.16,1003.18
2025-05-14T11:42:34.072736,27.45,40.16,1003.18
2025-05-14T11:42:35.189956,27.42,40.22,1003.15
2025-05-14T11:42:36.106605,27.42,40.22,1003.15
2025-05-14T11:42:37.122602,27.42,40.22,1003.15
2025-05-14T11:42:38.206849,27.39,40.22,1003.17
2025-05-14T11:42:39.139562,27.39,40.22,1003.17
2025-05-14T11:42:40.140965,27.39,40.22,1003.17
2025-05-14T11:42:41.207259,27.36,40.36,1003.2
2025-05-14T11:42:42.172496,27.36,40.36,1003.2
2025-05-14T11:42:43.180077,27.36,40.36,1003.2
2025-05-14T11:42:44.216955,27.32,40.46,1003.17
2025-05-14T11:42:45.205007,27.32,40.46,1003.17
2025-05-14T11:42:46.204249,27.32,40.46,1003.17
2025-05-14T11:42:47.222113,27.3,40.58,1003.15
2025-05-14T11:42:48.221402,27.3,40.58,1003.15
2025-05-14T11:42:49.224114,27.3,40.58,1003.15
2025-05-14T11:42:50.230242,27.27,40.6,1003.18
2025-05-14T11:42:51.235817,27.27,40.6,1003.18
2025-05-14T11:42:52.232876,27.27,40.6,1003.18
2025-05-14T11:42:53.239054,27.24,40.75,1003.21
2025-05-14T11:42:54.256646,27.24,40.75,1003.21
2025-05-14T11:42:55.271086,27.24,40.75,1003.21
2025-05-14T11:42:56.273071,27.21,40.85,1003.17
2025-05-14T11:42:57.285656,27.21,40.85,1003.17
2025-05-14T11:42:58.305087,27.21,40.85,1003.17
2025-05-14T11:42:59.305655,27.18,41.05,1003.15
2025-05-14T11:43:00.324210,27.18,41.05,1003.15
2025-05-14T11:43:01.335924,27.18,41.05,1003.15
2025-05-14T11:43:02.340090,27.15,41.14,1003.14
2025-05-14T11:43:03.354832,27.15,41.14,1003.14
2025-05-14T11:43:04.367936,27.15,41.14,1003.14
2025-05-14T11:43:05.372370,27.12,41.24,1003.16
2025-05-14T11:43:06.370346,27.12,41.24,1003.16
2025-05-14T11:43:07.371984,27.12,41.24,1003.16
2025-05-14T11:43:08.390682,27.09,41.22,1003.19
2025-05-14T11:43:09.390101,27.09,41.22,1003.19
2025-05-14T11:43:10.390856,27.09,41.22,1003.19
2025-05-14T11:43:11.385890,27.06,41.2,1003.17
2025-05-14T11:43:12.397357,27.06,41.2,1003.17
2025-05-14T11:43:13.420983,27.06,41.2,1003.17
2025-05-14T11:43:14.423072,27.03,41.28,1003.19
2025-05-14T11:43:15.425229,27.03,41.28,1003.19
2025-05-14T11:43:16.424250,27.03,41.28,1003.19
2025-05-14T11:43:17.433683,27.01,41.32,1003.18
2025-05-14T11:43:18.440673,27.01,41.32,1003.18
2025-05-14T11:43:19.456132,27.01,41.32,1003.18
2025-05-14T11:43:20.472671,26.97,41.39,1003.16
2025-05-14T11:43:21.482390,26.97,41.39,1003.16
2025-05-14T11:43:22.484777,26.97,41.39,1003.16
2025-05-14T11:43:23.490104,26.94,41.4,1003.14
2025-05-14T11:43:24.503235,26.94,41.4,1003.14
2025-05-14T11:43:25.522339,26.94,41.4,1003.14
2025-05-14T11:43:26.528872,26.92,41.47,1003.17
2025-05-14T11:43:27.540791,26.92,41.47,1003.17
2025-05-14T11:43:28.555787,26.92,41.47,1003.17
2025-05-14T11:43:29.565493,26.88,41.56,1003.17
2025-05-14T11:43:30.573893,26.88,41.56,1003.17
2025-05-14T11:43:31.573186,26.88,41.56,1003.17
2025-05-14T11:43:32.573825,26.86,41.57,1003.15
2025-05-14T11:43:33.590319,26.86,41.57,1003.15
2025-05-14T11:43:34.589230,26.86,41.57,1003.15
2025-05-14T11:43:35.598357,26.83,41.61,1003.17
2025-05-14T11:43:36.605985,26.83,41.61,1003.17
2025-05-14T11:43:37.606057,26.83,41.61,1003.17
2025-05-14T11:43:38.620262,26.81,41.52,1003.18
2025-05-14T11:43:39.623027,26.81,41.52,1003.18
2025-05-14T11:43:40.622442,26.81,41.52,1003.18
2025-05-14T11:43:41.636880,26.79,41.55,1003.19
2025-05-14T11:43:42.639545,26.79,41.55,1003.19
2025-05-14T11:43:43.653909,26.79,41.55,1003.19
2025-05-14T11:43:44.656744,26.76,41.7,1003.14
2025-05-14T11:43:45.655939,26.76,41.7,1003.14
2025-05-14T11:43:46.653569,26.76,41.7,1003.14
2025-05-14T11:43:47.666165,26.73,41.72,1003.14
2025-05-14T11:43:48.673602,26.73,41.72,1003.14
2025-05-14T11:43:49.674621,26.73,41.72,1003.14
2025-05-14T11:43:50.672923,26.71,41.77,1003.12
2025-05-14T11:43:51.673383,26.71,41.77,1003.12
2025-05-14T11:43:52.673704,26.71,41.77,1003.12
2025-05-14T11:43:53.670301,26.68,41.86,1003.14
2025-05-14T11:43:54.673356,26.68,41.86,1003.14
2025-05-14T11:43:55.663927,26.68,41.86,1003.14
2025-05-14T11:43:56.674049,26.66,42.04,1003.14
2025-05-14T11:43:57.672092,26.66,42.04,1003.14
2025-05-14T11:43:58.672598,26.66,42.04,1003.14
2025-05-14T11:43:59.673150,26.64,42.19,1003.14
2025-05-14T11:44:00.668923,26.64,42.19,1003.14
2025-05-14T11:44:01.668645,26.64,42.19,1003.14
2025-05-14T11:44:02.670503,26.62,42.42,1003.14
2025-05-14T11:44:03.674612,26.62,42.42,1003.14
2025-05-14T11:44:04.686771,26.62,42.42,1003.14
2025-05-14T11:44:05.684028,26.59,42.45,1003.13
2025-05-14T11:44:06.690406,26.59,42.45,1003.13
2025-05-14T11:44:07.691041,26.59,42.45,1003.13
2025-05-14T11:44:08.702986,26.57,42.4,1003.15
2025-05-14T11:44:09.698934,26.57,42.4,1003.15
2025-05-14T11:44:10.706212,26.57,42.4,1003.15
2025-05-14T11:44:11.724036,26.55,42.39,1003.13
2025-05-14T11:44:12.737417,26.55,42.39,1003.13
2025-05-14T11:44:13.738721,26.55,42.39,1003.13
2025-05-14T11:44:14.757876,26.52,42.41,1003.14
2025-05-14T11:44:15.771644,26.52,42.41,1003.14
2025-05-14T11:44:16.771724,26.52,42.41,1003.14
2025-05-14T11:44:17.786990,26.5,42.45,1003.14
2025-05-14T11:44:18.785439,26.5,42.45,1003.14
2025-05-14T11:44:19.789381,26.5,42.45,1003.14
2025-05-14T11:44:20.804505,26.47,42.49,1003.11
2025-05-14T11:44:21.807509,26.47,42.49,1003.11
2025-05-14T11:44:22.821594,26.47,42.49,1003.11
2025-05-14T11:44:23.839962,26.46,42.54,1003.13
2025-05-14T11:44:24.853554,26.46,42.54,1003.13
2025-05-14T11:44:26.357938,26.43,42.54,1003.1
2025-05-14T11:44:26.869039,26.43,42.54,1003.1
2025-05-14T11:44:27.874904,26.43,42.54,1003.1
2025-05-14T11:44:29.390948,26.42,42.58,1003.1
2025-05-14T11:44:29.874448,26.42,42.58,1003.1
2025-05-14T11:44:30.885808,26.42,42.58,1003.1
2025-05-14T11:44:32.406988,26.39,42.63,1003.1
2025-05-14T11:44:32.889074,26.39,42.63,1003.1
2025-05-14T11:44:33.907947,26.39,42.63,1003.1
2025-05-14T11:44:35.421882,26.37,42.65,1003.12
2025-05-14T11:44:35.905291,26.37,42.65,1003.12
2025-05-14T11:44:36.907882,26.37,42.65,1003.12
2025-05-14T11:44:38.437473,26.35,42.73,1003.15
2025-05-14T11:44:38.918382,26.35,42.73,1003.15
2025-05-14T11:44:39.923290,26.35,42.73,1003.15
2025-05-14T11:44:41.421873,26.33,42.75,1003.15
2025-05-14T11:44:41.920492,26.33,42.75,1003.15
2025-05-14T11:44:42.920433,26.33,42.75,1003.15
2025-05-14T11:44:44.424077,26.31,42.9,1003.11
2025-05-14T11:44:44.940196,26.31,42.9,1003.11
2025-05-14T11:44:45.956174,26.31,42.9,1003.11
2025-05-14T11:44:47.435103,26.29,43.01,1003.14
2025-05-14T11:44:47.989003,26.29,43.01,1003.14
2025-05-14T11:44:49.005991,26.29,43.01,1003.14
2025-05-14T11:44:50.440171,26.26,43.19,1003.09
2025-05-14T11:44:51.036692,26.26,43.19,1003.09
2025-05-14T11:44:52.049714,26.26,43.19,1003.09
2025-05-14T11:44:53.424290,26.24,43.25,1003.1
2025-05-14T11:44:54.073279,26.24,43.25,1003.1
2025-05-14T11:44:55.089244,26.24,43.25,1003.1
2025-05-14T11:44:56.436940,26.22,43.29,1003.12
2025-05-14T11:44:57.090444,26.22,43.29,1003.12
2025-05-14T11:44:58.090868,26.22,43.29,1003.12
2025-05-14T11:44:59.437130,26.2,43.3,1003.09
2025-05-14T11:45:00.091799,26.2,43.3,1003.09
2025-05-14T11:45:01.106042,26.2,43.3,1003.09
2025-05-14T11:45:02.456116,26.18,43.45,1003.13
2025-05-14T11:45:03.122887,26.18,43.45,1003.13
2025-05-14T11:45:04.130934,26.18,43.45,1003.13
2025-05-14T11:45:05.438875,26.16,43.48,1003.11
2025-05-14T11:45:06.169684,26.16,43.48,1003.11
2025-05-14T11:45:07.172928,26.16,43.48,1003.11
2025-05-14T11:45:08.442122,26.15,43.52,1003.1
2025-05-14T11:45:09.195851,26.15,43.52,1003.1
2025-05-14T11:45:10.200470,26.15,43.52,1003.1
2025-05-14T11:45:11.440193,26.13,43.32,1003.12
2025-05-14T11:45:12.202070,26.13,43.32,1003.12
2025-05-14T11:45:13.220878,26.13,43.32,1003.12
2025-05-14T11:45:14.440856,26.11,43.29,1003.13
2025-05-14T11:45:15.233132,26.11,43.29,1003.13
2025-05-14T11:45:16.239091,26.11,43.29,1003.13
2025-05-14T11:45:17.453118,26.09,43.3,1003.08
2025-05-14T11:45:18.272926,26.09,43.3,1003.08
2025-05-14T11:45:19.288075,26.09,43.3,1003.08
2025-05-14T11:45:20.451403,26.08,43.3,1003.13
2025-05-14T11:45:21.306410,26.08,43.3,1003.13
2025-05-14T11:45:22.308006,26.08,43.3,1003.13
2025-05-14T11:45:23.443244,26.06,43.32,1003.11
2025-05-14T11:45:24.324032,26.06,43.32,1003.11
2025-05-14T11:45:25.341041,26.06,43.32,1003.11
2025-05-14T11:45:26.453016,26.05,43.35,1003.14
2025-05-14T11:45:27.368601,26.05,43.35,1003.14
2025-05-14T11:45:28.385894,26.05,43.35,1003.14
2025-05-14T11:45:29.455056,26.03,43.45,1003.07
2025-05-14T11:45:30.421807,26.03,43.45,1003.07
2025-05-14T11:45:31.421827,26.03,43.45,1003.07
2025-05-14T11:45:32.456119,26.01,43.5,1003.09
2025-05-14T11:45:33.421519,26.01,43.5,1003.09
2025-05-14T11:45:34.418658,26.01,43.5,1003.09
2025-05-14T11:45:35.456682,26.0,43.48,1003.08
2025-05-14T11:45:36.420320,26.0,43.48,1003.08
2025-05-14T11:45:37.435491,26.0,43.48,1003.08
2025-05-14T11:45:38.473412,25.99,43.48,1003.09
2025-05-14T11:45:39.440236,25.99,43.48,1003.09
2025-05-14T11:45:40.457367,25.99,43.48,1003.09
2025-05-14T11:45:41.491431,25.98,43.5,1003.09
2025-05-14T11:45:42.484520,25.98,43.5,1003.09
2025-05-14T11:45:43.489048,25.98,43.5,1003.09
2025-05-14T11:45:44.507413,25.96,43.53,1003.11
2025-05-14T11:45:45.521644,25.96,43.53,1003.11
2025-05-14T11:45:46.538914,25.96,43.53,1003.11
2025-05-14T11:45:47.539571,25.95,43.57,1003.12
2025-05-14T11:45:48.555791,25.95,43.57,1003.12
2025-05-14T11:45:49.574133,25.95,43.57,1003.12
2025-05-14T11:45:50.573492,25.94,43.75,1003.11
2025-05-14T11:45:51.572291,25.94,43.75,1003.11
2025-05-14T11:45:52.589519,25.94,43.75,1003.11
2025-05-14T11:45:53.604437,25.92,43.84,1003.11
2025-05-14T11:45:54.603808,25.92,43.84,1003.11
2025-05-14T11:45:55.605495,25.92,43.84,1003.11
2025-05-14T11:45:56.603662,25.91,43.94,1003.09
2025-05-14T11:45:57.621623,25.91,43.94,1003.09
2025-05-14T11:45:58.622397,25.91,43.94,1003.09
2025-05-14T11:45:59.623623,25.89,44.04,1003.1
2025-05-14T11:46:00.625329,25.89,44.04,1003.1
2025-05-14T11:46:01.624619,25.89,44.04,1003.1
2025-05-14T11:46:02.624909,25.88,44.15,1003.12
2025-05-14T11:46:03.641010,25.88,44.15,1003.12
2025-05-14T11:46:04.641707,25.88,44.15,1003.12
2025-05-14T11:46:05.642288,25.86,44.31,1003.07
2025-05-14T11:46:06.641532,25.86,44.31,1003.07
2025-05-14T11:46:07.657385,25.86,44.31,1003.07
2025-05-14T11:46:08.658412,25.85,44.18,1003.09
2025-05-14T11:46:09.657978,25.85,44.18,1003.09
2025-05-14T11:46:10.659272,25.85,44.18,1003.09
2025-05-14T11:46:11.675987,25.83,44.07,1003.1
2025-05-14T11:46:12.677038,25.83,44.07,1003.1
2025-05-14T11:46:13.676918,25.83,44.07,1003.1
2025-05-14T11:46:14.674862,25.81,44.15,1003.08
2025-05-14T11:46:15.690822,25.81,44.15,1003.08
2025-05-14T11:46:16.690598,25.81,44.15,1003.08
2025-05-14T11:46:17.708079,25.81,44.13,1003.11
2025-05-14T11:46:18.724886,25.81,44.13,1003.11
2025-05-14T11:46:19.740770,25.81,44.13,1003.11
2025-05-14T11:46:20.757759,25.8,44.18,1003.1
2025-05-14T11:46:21.757596,25.8,44.18,1003.1
2025-05-14T11:46:22.773312,25.8,44.18,1003.1
2025-05-14T11:46:23.774095,25.78,44.22,1003.1
2025-05-14T11:46:24.775129,25.78,44.22,1003.1
2025-05-14T11:46:25.773295,25.78,44.22,1003.1
2025-05-14T11:46:26.777398,25.77,44.25,1003.08
2025-05-14T11:46:27.790560,25.77,44.25,1003.08
2025-05-14T11:46:28.806687,25.77,44.25,1003.08
2025-05-14T11:46:29.822263,25.76,44.24,1003.12
2025-05-14T11:46:30.823287,25.76,44.24,1003.12
2025-05-14T11:46:31.826005,25.76,44.24,1003.12
2025-05-14T11:46:32.824178,25.74,44.28,1003.09
2025-05-14T11:46:33.823973,25.74,44.28,1003.09
2025-05-14T11:46:34.840662,25.74,44.28,1003.09
2025-05-14T11:46:35.857438,25.73,44.28,1003.11
2025-05-14T11:46:36.873979,25.73,44.28,1003.11
2025-05-14T11:46:37.874103,25.73,44.28,1003.11
2025-05-14T11:46:38.874260,25.72,44.26,1003.09
2025-05-14T11:46:39.874151,25.72,44.26,1003.09
2025-05-14T11:46:40.889695,25.72,44.26,1003.09
2025-05-14T11:46:41.905818,25.71,44.32,1003.1
2025-05-14T11:46:42.906475,25.71,44.32,1003.1
2025-05-14T11:46:43.914694,25.71,44.32,1003.1
2025-05-14T11:46:44.919891,25.69,44.43,1003.09
2025-05-14T11:46:45.923293,25.69,44.43,1003.09
2025-05-14T11:46:46.923199,25.69,44.43,1003.09
2025-05-14T11:46:47.915460,25.68,44.46,1003.04
2025-05-14T11:46:48.921848,25.68,44.46,1003.04
2025-05-14T11:46:49.927135,25.68,44.46,1003.04
2025-05-14T11:46:50.954083,25.67,44.47,1003.08
2025-05-14T11:46:51.967930,25.67,44.47,1003.08
2025-05-14T11:46:52.971202,25.67,44.47,1003.08
2025-05-14T11:46:53.988478,25.66,44.5,1003.09
2025-05-14T11:46:55.001458,25.66,44.5,1003.09
2025-05-14T11:46:55.988074,25.66,44.5,1003.09
2025-05-14T11:46:57.001908,25.65,44.56,1003.09
2025-05-14T11:46:58.008250,25.65,44.56,1003.09
2025-05-14T11:46:59.022932,25.65,44.56,1003.09
2025-05-14T11:47:00.040286,25.63,44.73,1003.1
2025-05-14T11:47:01.048640,25.63,44.73,1003.1
2025-05-14T11:47:02.041683,25.63,44.73,1003.1
2025-05-14T11:47:03.053567,25.63,44.83,1003.08
2025-05-14T11:47:04.070804,25.63,44.83,1003.08
2025-05-14T11:47:05.074300,25.63,44.83,1003.08
2025-05-14T11:47:06.088637,25.61,44.84,1003.06
2025-05-14T11:47:07.103754,25.61,44.84,1003.06
2025-05-14T11:47:08.656983,25.6,44.79,1003.1
2025-05-14T11:47:09.139460,25.6,44.79,1003.1
2025-05-14T11:47:10.131948,25.6,44.79,1003.1
2025-05-14T11:47:11.660062,25.59,44.74,1003.08
2025-05-14T11:47:12.155320,25.59,44.74,1003.08
2025-05-14T11:47:13.172204,25.59,44.74,1003.08
2025-05-14T11:47:14.689831,25.58,44.77,1003.05
2025-05-14T11:47:15.172860,25.58,44.77,1003.05
2025-05-14T11:47:16.182685,25.58,44.77,1003.05
2025-05-14T11:47:17.689240,25.57,44.81,1003.1
2025-05-14T11:47:18.207764,25.57,44.81,1003.1
2025-05-14T11:47:19.220137,25.57,44.81,1003.1
2025-05-14T11:47:20.704281,25.55,44.79,1003.09
2025-05-14T11:47:21.219567,25.55,44.79,1003.09
2025-05-14T11:47:22.223755,25.55,44.79,1003.09
2025-05-14T11:47:23.704501,25.55,44.79,1003.11
2025-05-14T11:47:24.222034,25.55,44.79,1003.11
2025-05-14T11:47:25.236657,25.55,44.79,1003.11
2025-05-14T11:47:26.706007,25.53,44.75,1003.08
2025-05-14T11:47:27.255278,25.53,44.75,1003.08
2025-05-14T11:47:28.266534,25.53,44.75,1003.08
2025-05-14T11:47:29.722889,25.52,44.82,1003.09
2025-05-14T11:47:30.271084,25.52,44.82,1003.09
2025-05-14T11:47:31.290999,25.52,44.82,1003.09
2025-05-14T11:47:32.736013,25.51,44.77,1003.09
2025-05-14T11:47:33.324146,25.51,44.77,1003.09
2025-05-14T11:47:34.336724,25.51,44.77,1003.09
2025-05-14T11:47:35.736315,25.5,44.81,1003.08
2025-05-14T11:47:36.356173,25.5,44.81,1003.08
2025-05-14T11:47:37.372615,25.5,44.81,1003.08
2025-05-14T11:47:38.738518,25.5,44.81,1003.07
2025-05-14T11:47:39.379200,25.5,44.81,1003.07
2025-05-14T11:47:40.405728,25.5,44.81,1003.07
2025-05-14T11:47:41.757616,25.49,44.8,1003.12
2025-05-14T11:47:42.415180,25.49,44.8,1003.12
2025-05-14T11:47:43.423555,25.49,44.8,1003.12
2025-05-14T11:47:44.760860,25.47,44.78,1003.1
2025-05-14T11:47:45.421191,25.47,44.78,1003.1
2025-05-14T11:47:46.422324,25.47,44.78,1003.1
2025-05-14T11:47:47.771105,25.46,44.88,1003.08
2025-05-14T11:47:48.422823,25.46,44.88,1003.08
2025-05-14T11:47:49.420713,25.46,44.88,1003.08
2025-05-14T11:47:50.772383,25.46,44.97,1003.09
2025-05-14T11:47:51.453465,25.46,44.97,1003.09
2025-05-14T11:47:52.457644,25.46,44.97,1003.09
2025-05-14T11:47:53.772178,25.44,44.9,1003.08
2025-05-14T11:47:54.473251,25.44,44.9,1003.08
2025-05-14T11:47:55.487376,25.44,44.9,1003.08
2025-05-14T11:47:56.783351,25.44,44.88,1003.1
2025-05-14T11:47:57.506568,25.44,44.88,1003.1
2025-05-14T11:47:58.506851,25.44,44.88,1003.1
2025-05-14T11:47:59.787869,25.43,44.85,1003.11
2025-05-14T11:48:00.521144,25.43,44.85,1003.11
2025-05-14T11:48:01.523824,25.43,44.85,1003.11
2025-05-14T11:48:02.805055,25.43,44.89,1003.1
2025-05-14T11:48:03.539939,25.43,44.89,1003.1
2025-05-14T11:48:04.556953,25.43,44.89,1003.1
2025-05-14T11:48:05.819604,25.42,44.95,1003.08
2025-05-14T11:48:06.566482,25.42,44.95,1003.08
2025-05-14T11:48:07.574397,25.42,44.95,1003.08
2025-05-14T11:48:08.822804,25.42,44.95,1003.1
2025-05-14T11:48:09.607186,25.42,44.95,1003.1
2025-05-14T11:48:10.617222,25.42,44.95,1003.1
2025-05-14T11:48:11.839028,25.41,44.96,1003.07
2025-05-14T11:48:12.636563,25.41,44.96,1003.07
2025-05-14T11:48:13.639432,25.41,44.96,1003.07
2025-05-14T11:48:14.839955,25.4,45.0,1003.06
2025-05-14T11:48:15.633245,25.4,45.0,1003.06
2025-05-14T11:48:16.636328,25.4,45.0,1003.06
2025-05-14T11:48:17.853765,25.39,45.03,1003.07
2025-05-14T11:48:18.630945,25.39,45.03,1003.07
2025-05-14T11:48:19.637203,25.39,45.03,1003.07
2025-05-14T11:48:20.878926,25.39,45.13,1003.08
2025-05-14T11:48:21.640815,25.39,45.13,1003.08
2025-05-14T11:48:22.637107,25.39,45.13,1003.08
2025-05-14T11:48:23.889118,25.38,45.16,1003.1
2025-05-14T11:48:24.673406,25.38,45.16,1003.1
2025-05-14T11:48:25.673843,25.38,45.16,1003.1
2025-05-14T11:48:26.905808,25.37,45.09,1003.1
2025-05-14T11:48:27.683757,25.37,45.09,1003.1
2025-05-14T11:48:28.691640,25.37,45.09,1003.1
2025-05-14T11:48:29.907766,25.36,45.07,1003.1
2025-05-14T11:48:30.706556,25.36,45.07,1003.1
2025-05-14T11:48:31.704838,25.36,45.07,1003.1
2025-05-14T11:48:32.891081,25.36,45.08,1003.1
2025-05-14T11:48:33.722851,25.36,45.08,1003.1
2025-05-14T11:48:34.734997,25.36,45.08,1003.1
2025-05-14T11:48:35.891236,25.36,45.09,1003.08
2025-05-14T11:48:36.757476,25.36,45.09,1003.08
2025-05-14T11:48:37.773802,25.36,45.09,1003.08
2025-05-14T11:48:38.892676,25.35,45.11,1003.08
2025-05-14T11:48:39.803397,25.35,45.11,1003.08
2025-05-14T11:48:40.822258,25.35,45.11,1003.08
2025-05-14T11:48:41.874412,25.34,45.16,1003.11
2025-05-14T11:48:42.839456,25.34,45.16,1003.11
2025-05-14T11:48:43.841412,25.34,45.16,1003.11
2025-05-14T11:48:44.892734,25.34,45.15,1003.07
2025-05-14T11:48:45.874366,25.34,45.15,1003.07
2025-05-14T11:48:46.874363,25.34,45.15,1003.07
2025-05-14T11:48:47.921975,25.33,45.24,1003.07
2025-05-14T11:48:48.865259,25.33,45.24,1003.07
2025-05-14T11:48:49.869610,25.33,45.24,1003.07
2025-05-14T11:48:50.920025,25.32,45.28,1003.08
2025-05-14T11:48:51.874119,25.32,45.28,1003.08
2025-05-14T11:48:52.881111,25.32,45.28,1003.08
2025-05-14T11:48:53.907713,25.32,45.35,1003.08
2025-05-14T11:48:54.890792,25.32,45.35,1003.08
2025-05-14T11:48:55.891222,25.32,45.35,1003.08
2025-05-14T11:48:56.905234,25.31,45.33,1003.1
2025-05-14T11:48:57.888835,25.31,45.33,1003.1
2025-05-14T11:48:58.899006,25.31,45.33,1003.1
2025-05-14T11:48:59.921290,25.3,45.26,1003.08
2025-05-14T11:49:00.924915,25.3,45.26,1003.08
2025-05-14T11:49:01.938796,25.3,45.26,1003.08
2025-05-14T11:49:02.939911,25.29,45.23,1003.09
2025-05-14T11:49:03.934360,25.29,45.23,1003.09
2025-05-14T11:49:04.933800,25.29,45.23,1003.09
2025-05-14T11:49:05.941030,25.29,45.19,1003.09
2025-05-14T11:49:06.955904,25.29,45.19,1003.09
2025-05-14T11:49:07.970459,25.29,45.19,1003.09
2025-05-14T11:49:08.973567,25.28,45.22,1003.07
2025-05-14T11:49:09.980800,25.28,45.22,1003.07
2025-05-14T11:49:10.989377,25.28,45.22,1003.07
2025-05-14T11:49:12.007446,25.28,45.24,1003.09
2025-05-14T11:49:13.017547,25.28,45.24,1003.09
2025-05-14T11:49:14.007528,25.28,45.24,1003.09
2025-05-14T11:49:15.015558,25.28,45.3,1003.05
2025-05-14T11:49:16.019247,25.28,45.3,1003.05
2025-05-14T11:49:17.030886,25.28,45.3,1003.05
2025-05-14T11:49:18.034534,25.27,45.32,1003.08
2025-05-14T11:49:19.054587,25.27,45.32,1003.08
2025-05-14T11:49:20.072228,25.27,45.32,1003.08
2025-05-14T11:49:21.074249,25.27,45.35,1003.08
2025-05-14T11:49:22.071563,25.27,45.35,1003.08
2025-05-14T11:49:23.082560,25.27,45.35,1003.08
2025-05-14T11:49:24.095467,25.26,45.48,1003.06
2025-05-14T11:49:25.089317,25.26,45.48,1003.06
2025-05-14T11:49:26.084209,25.26,45.48,1003.06
2025-05-14T11:49:27.091053,25.26,45.53,1003.06
2025-05-14T11:49:28.089641,25.26,45.53,1003.06
2025-05-14T11:49:29.108329,25.26,45.53,1003.06
2025-05-14T11:49:30.106765,25.25,45.52,1003.07
2025-05-14T11:49:31.105979,25.25,45.52,1003.07
2025-05-14T11:49:32.121686,25.25,45.52,1003.07
2025-05-14T11:49:33.121574,25.24,45.53,1003.06
2025-05-14T11:49:34.138522,25.24,45.53,1003.06
2025-05-14T11:49:35.152579,25.24,45.53,1003.06
2025-05-14T11:49:36.148382,25.24,45.6,1003.07
2025-05-14T11:49:37.172538,25.24,45.6,1003.07
2025-05-14T11:49:38.174108,25.24,45.6,1003.07
2025-05-14T11:49:39.185224,25.23,45.62,1003.1
2025-05-14T11:49:40.185782,25.23,45.62,1003.1
2025-05-14T11:49:41.205934,25.23,45.62,1003.1
2025-05-14T11:49:42.223703,25.23,45.6,1003.08
2025-05-14T11:49:43.249739,25.23,45.6,1003.08
2025-05-14T11:49:44.255260,25.23,45.6,1003.08
2025-05-14T11:49:45.272391,25.22,45.6,1003.05
2025-05-14T11:49:46.287736,25.22,45.6,1003.05
2025-05-14T11:49:47.290394,25.22,45.6,1003.05
2025-05-14T11:49:48.304812,25.22,45.64,1003.08
2025-05-14T11:49:49.307970,25.22,45.64,1003.08
2025-05-14T11:49:50.320312,25.22,45.64,1003.08
2025-05-14T11:49:51.322966,25.21,45.56,1003.07
2025-05-14T11:49:52.328817,25.21,45.56,1003.07
2025-05-14T11:49:53.338586,25.21,45.56,1003.07
2025-05-14T11:49:54.353399,25.2,45.51,1003.09
2025-05-14T11:49:55.357144,25.2,45.51,1003.09
2025-05-14T11:49:56.357404,25.2,45.51,1003.09
2025-05-14T11:49:57.352603,25.19,45.57,1003.08
2025-05-14T11:49:58.367529,25.19,45.57,1003.08
2025-05-14T11:49:59.389233,25.19,45.57,1003.08
2025-05-14T11:50:00.405122,25.19,45.68,1003.06
2025-05-14T11:50:01.404778,25.19,45.68,1003.06
2025-05-14T11:50:02.933269,25.18,45.75,1003.08
2025-05-14T11:50:03.429934,25.18,45.75,1003.08
2025-05-14T11:50:04.441242,25.18,45.75,1003.08
2025-05-14T11:50:05.950791,25.18,45.81,1003.07
2025-05-14T11:50:06.473234,25.18,45.81,1003.07
2025-05-14T11:50:07.500456,25.18,45.81,1003.07
2025-05-14T11:50:08.949823,25.17,45.74,1003.04
2025-05-14T11:50:09.523001,25.17,45.74,1003.04
2025-05-14T11:50:10.519458,25.17,45.74,1003.04
2025-05-14T11:50:11.940787,25.16,45.72,1003.05
2025-05-14T11:50:12.550241,25.16,45.72,1003.05
2025-05-14T11:50:13.557655,25.16,45.72,1003.05
2025-05-14T11:50:14.956684,25.16,45.72,1003.08
2025-05-14T11:50:15.556414,25.16,45.72,1003.08
2025-05-14T11:50:16.558885,25.16,45.72,1003.08
2025-05-14T11:50:17.952846,25.16,45.73,1003.09
2025-05-14T11:50:18.590123,25.16,45.73,1003.09
2025-05-14T11:50:19.606175,25.16,45.73,1003.09
2025-05-14T11:50:20.976213,25.15,45.76,1003.11
2025-05-14T11:50:21.639805,25.15,45.76,1003.11
2025-05-14T11:50:22.651205,25.15,45.76,1003.11
2025-05-14T11:50:23.987215,25.14,45.78,1003.11
2025-05-14T11:50:24.657726,25.14,45.78,1003.11
2025-05-14T11:50:25.656726,25.14,45.78,1003.11
2025-05-14T11:50:27.012265,25.14,45.77,1003.1
2025-05-14T11:50:27.674153,25.14,45.77,1003.1
2025-05-14T11:50:28.674234,25.14,45.77,1003.1
2025-05-14T11:50:30.003505,25.13,45.75,1003.08
2025-05-14T11:50:30.673776,25.13,45.75,1003.08
2025-05-14T11:50:31.682420,25.13,45.75,1003.08
2025-05-14T11:50:33.021174,25.13,45.77,1003.08
2025-05-14T11:50:33.701454,25.13,45.77,1003.08
2025-05-14T11:50:34.706531,25.13,45.77,1003.08
2025-05-14T11:50:36.016365,25.12,45.77,1003.06
2025-05-14T11:50:36.721678,25.12,45.77,1003.06
2025-05-14T11:50:37.731955,25.12,45.77,1003.06
2025-05-14T11:50:39.033717,25.12,45.84,1003.06
2025-05-14T11:50:39.741989,25.12,45.84,1003.06
2025-05-14T11:50:40.751577,25.12,45.84,1003.06
2025-05-14T11:50:42.017995,25.11,45.86,1003.09
2025-05-14T11:50:42.772479,25.11,45.86,1003.09
2025-05-14T11:50:43.786921,25.11,45.86,1003.09
2025-05-14T11:50:45.023583,25.11,45.86,1003.08
2025-05-14T11:50:45.802540,25.11,45.86,1003.08
2025-05-14T11:50:46.823476,25.11,45.86,1003.08
2025-05-14T11:50:48.020331,25.11,45.97,1003.09
2025-05-14T11:50:48.834366,25.11,45.97,1003.09
2025-05-14T11:50:49.838960,25.11,45.97,1003.09
2025-05-14T11:50:51.040969,25.11,46.09,1003.09
2025-05-14T11:50:51.857628,25.11,46.09,1003.09
2025-05-14T11:50:52.857469,25.11,46.09,1003.09
2025-05-14T11:50:54.057645,25.1,46.2,1003.07
2025-05-14T11:50:54.867033,25.1,46.2,1003.07
2025-05-14T11:50:55.890156,25.1,46.2,1003.07
2025-05-14T11:50:57.073620,25.1,46.26,1003.07
2025-05-14T11:50:57.889063,25.1,46.26,1003.07
2025-05-14T11:50:58.889496,25.1,46.26,1003.07
2025-05-14T11:51:00.091419,25.1,46.35,1003.1
2025-05-14T11:51:00.886850,25.1,46.35,1003.1
2025-05-14T11:51:01.895838,25.1,46.35,1003.1
2025-05-14T11:51:03.103533,25.09,46.45,1003.11
2025-05-14T11:51:03.912155,25.09,46.45,1003.11
2025-05-14T11:51:04.918170,25.09,46.45,1003.11
2025-05-14T11:51:06.099331,25.08,46.42,1003.07
2025-05-14T11:51:06.923199,25.08,46.42,1003.07
2025-05-14T11:51:07.924161,25.08,46.42,1003.07
2025-05-14T11:51:09.118397,25.08,46.32,1003.08
2025-05-14T11:51:09.920663,25.08,46.32,1003.08
2025-05-14T11:51:10.925609,25.08,46.32,1003.08
2025-05-14T11:51:12.132460,25.07,46.38,1003.09
2025-05-14T11:51:12.954204,25.07,46.38,1003.09
2025-05-14T11:51:13.955671,25.07,46.38,1003.09
2025-05-14T11:51:15.140079,25.07,46.46,1003.1
2025-05-14T11:51:15.989324,25.07,46.46,1003.1
2025-05-14T11:51:17.004074,25.07,46.46,1003.1
2025-05-14T11:51:18.140899,25.05,46.39,1003.06
2025-05-14T11:51:19.023029,25.05,46.39,1003.06
2025-05-14T11:51:20.023910,25.05,46.39,1003.06
2025-05-14T11:51:21.151194,25.05,46.28,1003.07
2025-05-14T11:51:22.046342,25.05,46.28,1003.07
2025-05-14T11:51:23.055638,25.05,46.28,1003.07
2025-05-14T11:51:24.158223,25.05,46.3,1003.08
2025-05-14T11:51:25.054830,25.05,46.3,1003.08
2025-05-14T11:51:26.064520,25.05,46.3,1003.08
2025-05-14T11:51:27.170112,25.03,46.28,1003.06
2025-05-14T11:51:28.066023,25.03,46.28,1003.06
2025-05-14T11:51:29.086514,25.03,46.28,1003.06
2025-05-14T11:51:30.174411,25.04,46.25,1003.08
2025-05-14T11:51:31.104090,25.04,46.25,1003.08
2025-05-14T11:51:32.120455,25.04,46.25,1003.08
2025-05-14T11:51:33.173592,25.03,46.37,1003.09
2025-05-14T11:51:34.152376,25.03,46.37,1003.09
2025-05-14T11:51:35.154373,25.03,46.37,1003.09
2025-05-14T11:51:36.162690,25.02,46.33,1003.07
2025-05-14T11:51:37.174083,25.02,46.33,1003.07
2025-05-14T11:51:38.170038,25.02,46.33,1003.07
2025-05-14T11:51:39.171412,25.01,46.32,1003.07
2025-05-14T11:51:40.170658,25.01,46.32,1003.07
2025-05-14T11:51:41.170166,25.01,46.32,1003.07
2025-05-14T11:51:42.173268,25.0,46.33,1003.07
2025-05-14T11:51:43.172846,25.0,46.33,1003.07
2025-05-14T11:51:44.171302,25.0,46.33,1003.07
2025-05-14T11:51:45.172355,24.99,46.23,1003.06
2025-05-14T11:51:46.173263,24.99,46.23,1003.06
2025-05-14T11:51:47.173287,24.99,46.23,1003.06
2025-05-14T11:51:48.175131,24.99,46.27,1003.06
2025-05-14T11:51:49.172428,24.99,46.27,1003.06
2025-05-14T11:51:50.159554,24.99,46.27,1003.06
2025-05-14T11:51:51.172448,24.98,46.41,1003.08
2025-05-14T11:51:52.188188,24.98,46.41,1003.08
2025-05-14T11:51:53.202392,24.98,46.41,1003.08
2025-05-14T11:51:54.204646,24.98,46.5,1003.07
2025-05-14T11:51:55.206114,24.98,46.5,1003.07
2025-05-14T11:51:56.224049,24.98,46.5,1003.07
2025-05-14T11:51:57.222591,24.97,46.59,1003.03
2025-05-14T11:51:58.223646,24.97,46.59,1003.03
2025-05-14T11:51:59.236166,24.97,46.59,1003.03
2025-05-14T11:52:00.240874,24.97,46.72,1003.08
2025-05-14T11:52:01.245476,24.97,46.72,1003.08
2025-05-14T11:52:02.256509,24.97,46.72,1003.08
2025-05-14T11:52:03.258614,24.95,46.74,1003.02
2025-05-14T11:52:04.266244,24.95,46.74,1003.02
2025-05-14T11:52:05.264104,24.95,46.74,1003.02
2025-05-14T11:52:06.267510,24.94,46.67,1003.04
2025-05-14T11:52:07.271167,24.94,46.67,1003.04
2025-05-14T11:52:08.278513,24.94,46.67,1003.04
2025-05-14T11:52:09.269179,24.94,46.63,1003.05
2025-05-14T11:52:10.270082,24.94,46.63,1003.05
2025-05-14T11:52:11.287908,24.94,46.63,1003.05
2025-05-14T11:52:12.290341,24.94,46.54,1003.05
2025-05-14T11:52:13.304615,24.94,46.54,1003.05
2025-05-14T11:52:14.319520,24.94,46.54,1003.05
2025-05-14T11:52:15.330739,24.93,46.6,1003.05
2025-05-14T11:52:16.336987,24.93,46.6,1003.05
2025-05-14T11:52:17.348984,24.93,46.6,1003.05
2025-05-14T11:52:18.373033,24.93,46.63,1003.04
2025-05-14T11:52:19.381585,24.93,46.63,1003.04
2025-05-14T11:52:20.383210,24.93,46.63,1003.04
2025-05-14T11:52:21.387067,24.92,46.61,1003.02
2025-05-14T11:52:22.387370,24.92,46.61,1003.02
2025-05-14T11:52:23.385675,24.92,46.61,1003.02
2025-05-14T11:52:24.403444,24.92,46.61,1003.03
2025-05-14T11:52:25.408154,24.92,46.61,1003.03
2025-05-14T11:52:26.406509,24.92,46.61,1003.03
2025-05-14T11:52:27.404151,24.91,46.67,1003.03
2025-05-14T11:52:28.404010,24.91,46.67,1003.03
2025-05-14T11:52:29.407601,24.91,46.67,1003.03
2025-05-14T11:52:30.408558,24.91,46.59,1003.05
2025-05-14T11:52:31.406569,24.91,46.59,1003.05
2025-05-14T11:52:32.402508,24.91,46.59,1003.05
2025-05-14T11:52:33.405385,24.91,46.62,1003.06
2025-05-14T11:52:34.402069,24.91,46.62,1003.06
2025-05-14T11:52:35.405047,24.91,46.62,1003.06
2025-05-14T11:52:36.408629,24.91,46.63,1003.02
2025-05-14T11:52:37.398784,24.91,46.63,1003.02
2025-05-14T11:52:38.405483,24.91,46.63,1003.02
2025-05-14T11:52:39.407548,24.9,46.67,1003.04
2025-05-14T11:52:40.407977,24.9,46.67,1003.04
2025-05-14T11:52:41.407174,24.9,46.67,1003.04
2025-05-14T11:52:42.396180,24.9,46.69,1003.04
2025-05-14T11:52:43.402049,24.9,46.69,1003.04
2025-05-14T11:52:44.399703,24.9,46.69,1003.04
2025-05-14T11:52:45.405798,24.89,46.66,1003.06
2025-05-14T11:52:46.405556,24.89,46.66,1003.06
2025-05-14T11:52:47.405333,24.89,46.66,1003.06
2025-05-14T11:52:48.407563,24.88,46.7,1003.03
2025-05-14T11:52:49.399455,24.88,46.7,1003.03
2025-05-14T11:52:50.396694,24.88,46.7,1003.03
2025-05-14T11:52:51.409843,24.88,46.68,1003.04
2025-05-14T11:52:52.425153,24.88,46.68,1003.04
2025-05-14T11:52:53.433172,24.88,46.68,1003.04
2025-05-14T11:52:54.435457,24.89,46.66,1003.07
2025-05-14T11:52:55.430176,24.89,46.66,1003.07
2025-05-14T11:52:56.448310,24.89,46.66,1003.07
2025-05-14T11:52:57.448909,24.89,46.62,1003.02
2025-05-14T11:52:58.457140,24.89,46.62,1003.02
2025-05-14T11:52:59.471435,24.89,46.62,1003.02
2025-05-14T11:53:00.487920,24.88,46.59,1003.04
2025-05-14T11:53:01.495744,24.88,46.59,1003.04
2025-05-14T11:53:02.506794,24.88,46.59,1003.04
2025-05-14T11:53:03.520533,24.88,46.55,1003.04
2025-05-14T11:53:04.535803,24.88,46.55,1003.04
2025-05-14T11:53:05.541100,24.88,46.55,1003.04
2025-05-14T11:53:06.550940,24.88,46.59,1003.04
2025-05-14T11:53:07.564211,24.88,46.59,1003.04
2025-05-14T11:53:08.553277,24.88,46.59,1003.04
2025-05-14T11:53:09.572534,24.87,46.68,1003.07
2025-05-14T11:53:10.590454,24.87,46.68,1003.07
2025-05-14T11:53:11.606661,24.87,46.68,1003.07
2025-05-14T11:53:12.605938,24.87,46.85,1003.07
2025-05-14T11:53:13.621833,24.87,46.85,1003.07
2025-05-14T11:53:14.639264,24.87,46.85,1003.07
2025-05-14T11:53:15.640808,24.87,47.04,1003.05
2025-05-14T11:53:16.643372,24.87,47.04,1003.05
2025-05-14T11:53:17.654544,24.87,47.04,1003.05
2025-05-14T11:53:18.659065,24.87,47.04,1003.04
2025-05-14T11:53:19.657498,24.87,47.04,1003.04
2025-05-14T11:53:20.670718,24.87,47.04,1003.04
2025-05-14T11:53:21.681398,24.86,47.03,1003.03
2025-05-14T11:53:22.682698,24.86,47.03,1003.03
2025-05-14T11:53:23.690365,24.86,47.03,1003.03
2025-05-14T11:53:24.708453,24.85,46.99,1003.05
2025-05-14T11:53:25.714726,24.85,46.99,1003.05
2025-05-14T11:53:26.723149,24.85,46.99,1003.05
2025-05-14T11:53:27.740843,24.85,46.9,1003.03
2025-05-14T11:53:28.756872,24.85,46.9,1003.03
2025-05-14T11:53:29.772688,24.85,46.9,1003.03
2025-05-14T11:53:30.788746,24.84,46.96,1003.03
2025-05-14T11:53:31.798091,24.84,46.96,1003.03
2025-05-14T11:53:32.805501,24.84,46.96,1003.03
2025-05-14T11:53:33.824181,24.84,46.91,1003.04
2025-05-14T11:53:34.837203,24.84,46.91,1003.04
2025-05-14T11:53:35.850410,24.84,46.91,1003.04
2025-05-14T11:53:36.873157,24.84,46.91,1003.04
2025-05-14T11:53:37.869785,24.84,46.91,1003.04
2025-05-14T11:53:38.875863,24.84,46.91,1003.04
2025-05-14T11:53:39.887779,24.84,46.92,1003.04
2025-05-14T11:53:40.883407,24.84,46.92,1003.04
2025-05-14T11:53:42.423534,24.83,46.94,1003.03
2025-05-14T11:53:42.902773,24.83,46.94,1003.03
2025-05-14T11:53:43.907344,24.83,46.94,1003.03
2025-05-14T11:53:45.423538,24.82,46.93,1003.02
2025-05-14T11:53:45.906840,24.82,46.93,1003.02
2025-05-14T11:53:46.906280,24.82,46.93,1003.02
2025-05-14T11:53:48.436919,24.83,46.88,1003.07
2025-05-14T11:53:48.921333,24.83,46.88,1003.07
2025-05-14T11:53:49.921920,24.83,46.88,1003.07
2025-05-14T11:53:51.438085,24.82,46.83,1003.04
2025-05-14T11:53:51.923574,24.82,46.83,1003.04
2025-05-14T11:53:52.922472,24.82,46.83,1003.04
2025-05-14T11:53:54.452961,24.81,46.84,1003.05
2025-05-14T11:53:54.932910,24.81,46.84,1003.05
2025-05-14T11:53:55.940726,24.81,46.84,1003.05
2025-05-14T11:53:57.439121,24.81,46.8,1003.05
2025-05-14T11:53:57.956731,24.81,46.8,1003.05
2025-05-14T11:53:58.964365,24.81,46.8,1003.05
2025-05-14T11:54:00.439619,24.81,46.81,1003.06
2025-05-14T11:54:00.967577,24.81,46.81,1003.06
2025-05-14T11:54:01.974278,24.81,46.81,1003.06
2025-05-14T11:54:03.450569,24.81,46.83,1003.02
2025-05-14T11:54:03.975916,24.81,46.83,1003.02
2025-05-14T11:54:04.986165,24.81,46.83,1003.02
2025-05-14T11:54:06.449216,24.8,46.84,1003.07
2025-05-14T11:54:07.006089,24.8,46.84,1003.07
2025-05-14T11:54:08.024189,24.8,46.84,1003.07
2025-05-14T11:54:09.452447,24.8,46.83,1003.05
2025-05-14T11:54:10.056859,24.8,46.83,1003.05
2025-05-14T11:54:11.066637,24.8,46.83,1003.05
2025-05-14T11:54:12.455294,24.8,46.79,1003.07
2025-05-14T11:54:13.071562,24.8,46.79,1003.07
2025-05-14T11:54:14.087673,24.8,46.79,1003.07
2025-05-14T11:54:15.468230,24.8,46.8,1003.05
2025-05-14T11:54:16.123593,24.8,46.8,1003.05
2025-05-14T11:54:17.121722,24.8,46.8,1003.05
2025-05-14T11:54:18.459242,24.79,46.84,1003.07
2025-05-14T11:54:19.116932,24.79,46.84,1003.07
2025-05-14T11:54:20.118719,24.79,46.84,1003.07
2025-05-14T11:54:21.459480,24.79,47.04,1003.07
2025-05-14T11:54:22.117217,24.79,47.04,1003.07
2025-05-14T11:54:23.117696,24.79,47.04,1003.07
2025-05-14T11:54:24.474333,24.79,46.97,1003.08
2025-05-14T11:54:25.119606,24.79,46.97,1003.08
2025-05-14T11:54:26.135265,24.79,46.97,1003.08
2025-05-14T11:54:27.485452,24.78,46.96,1003.03
2025-05-14T11:54:28.134986,24.78,46.96,1003.03
2025-05-14T11:54:29.140970,24.78,46.96,1003.03
2025-05-14T11:54:30.502124,24.79,46.95,1003.06
2025-05-14T11:54:31.146684,24.79,46.95,1003.06
2025-05-14T11:54:32.167279,24.79,46.95,1003.06
2025-05-14T11:54:33.517171,24.79,47.06,1003.02
2025-05-14T11:54:34.182208,24.79,47.06,1003.02
2025-05-14T11:54:35.185372,24.79,47.06,1003.02
2025-05-14T11:54:36.506203,24.78,47.11,1003.07
2025-05-14T11:54:37.188773,24.78,47.11,1003.07
2025-05-14T11:54:38.185824,24.78,47.11,1003.07
2025-05-14T11:54:39.519056,24.78,47.09,1003.05
2025-05-14T11:54:40.190349,24.78,47.09,1003.05
2025-05-14T11:54:41.202928,24.78,47.09,1003.05
2025-05-14T11:54:42.521420,24.78,47.08,1003.04
2025-05-14T11:54:43.221029,24.78,47.08,1003.04
2025-05-14T11:54:44.221995,24.78,47.08,1003.04
2025-05-14T11:54:45.519707,24.77,47.11,1003.07
2025-05-14T11:54:46.252363,24.77,47.11,1003.07
2025-05-14T11:54:47.260104,24.77,47.11,1003.07
2025-05-14T11:54:48.522826,24.77,47.07,1003.07
2025-05-14T11:54:49.272777,24.77,47.07,1003.07
2025-05-14T11:54:50.289721,24.77,47.07,1003.07
2025-05-14T11:54:51.539146,24.77,47.11,1003.07
2025-05-14T11:54:52.301519,24.77,47.11,1003.07
2025-05-14T11:54:53.307856,24.77,47.11,1003.07
2025-05-14T11:54:54.547016,24.77,47.12,1003.05
2025-05-14T11:54:55.331488,24.77,47.12,1003.05
2025-05-14T11:54:56.337982,24.77,47.12,1003.05
2025-05-14T11:54:57.554597,24.77,47.04,1003.03
2025-05-14T11:54:58.354616,24.77,47.04,1003.03
2025-05-14T11:54:59.358009,24.77,47.04,1003.03
2025-05-14T11:55:00.555107,24.77,47.03,1003.03
2025-05-14T11:55:01.354427,24.77,47.03,1003.03
2025-05-14T11:55:02.363029,24.77,47.03,1003.03
2025-05-14T11:55:03.560992,24.77,47.02,1003.04
2025-05-14T11:55:04.372809,24.77,47.02,1003.04
2025-05-14T11:55:05.385182,24.77,47.02,1003.04
2025-05-14T11:55:06.576153,24.77,46.98,1003.04
2025-05-14T11:55:07.405551,24.77,46.98,1003.04
2025-05-14T11:55:08.405493,24.77,46.98,1003.04
2025-05-14T11:55:09.589081,24.77,46.99,1003.02
2025-05-14T11:55:10.406695,24.77,46.99,1003.02
2025-05-14T11:55:11.407832,24.77,46.99,1003.02
2025-05-14T11:55:12.601475,24.76,47.01,1003.03
2025-05-14T11:55:13.417691,24.76,47.01,1003.03
2025-05-14T11:55:14.418963,24.76,47.01,1003.03
2025-05-14T11:55:15.628609,24.76,47.02,1003.06
2025-05-14T11:55:16.446148,24.76,47.02,1003.06
2025-05-14T11:55:17.453329,24.76,47.02,1003.06
2025-05-14T11:55:18.637051,24.76,47.1,1003.04
2025-05-14T11:55:19.457992,24.76,47.1,1003.04
2025-05-14T11:55:20.465169,24.76,47.1,1003.04
2025-05-14T11:55:21.649281,24.76,47.28,1003.04
2025-05-14T11:55:22.485957,24.76,47.28,1003.04
2025-05-14T11:55:23.475062,24.76,47.28,1003.04
2025-05-14T11:55:24.642956,24.75,47.32,1003.03
2025-05-14T11:55:25.502586,24.75,47.32,1003.03
2025-05-14T11:55:26.518192,24.75,47.32,1003.03
2025-05-14T11:55:27.639184,24.75,47.28,1003.06
2025-05-14T11:55:28.547470,24.75,47.28,1003.06
2025-05-14T11:55:29.556214,24.75,47.28,1003.06
2025-05-14T11:55:30.643081,24.75,47.22,1003.06
2025-05-14T11:55:31.557618,24.75,47.22,1003.06
2025-05-14T11:55:32.556012,24.75,47.22,1003.06
2025-05-14T11:55:33.657108,24.74,47.16,1003.04
2025-05-14T11:55:34.581023,24.74,47.16,1003.04
2025-05-14T11:55:35.607419,24.74,47.16,1003.04
2025-05-14T11:55:36.674420,24.75,47.13,1003.06
2025-05-14T11:55:37.624386,24.75,47.13,1003.06
2025-05-14T11:55:38.622143,24.75,47.13,1003.06
2025-05-14T11:55:39.672313,24.75,47.18,1003.06
2025-05-14T11:55:40.623609,24.75,47.18,1003.06
2025-05-14T11:55:41.625661,24.75,47.18,1003.06
2025-05-14T11:55:42.675040,24.74,47.24,1003.05
2025-05-14T11:55:43.629923,24.74,47.24,1003.05
2025-05-14T11:55:44.640152,24.74,47.24,1003.05
2025-05-14T11:55:45.675807,24.74,47.24,1003.03
2025-05-14T11:55:46.635186,24.74,47.24,1003.03
2025-05-14T11:55:47.639313,24.74,47.24,1003.03
2025-05-14T11:55:48.672988,24.74,47.28,1003.03
2025-05-14T11:55:49.657041,24.74,47.28,1003.03
2025-05-14T11:55:50.643898,24.74,47.28,1003.03
2025-05-14T11:55:51.671294,24.73,47.25,1003.04
2025-05-14T11:55:52.656587,24.73,47.25,1003.04
2025-05-14T11:55:53.669015,24.73,47.25,1003.04
2025-05-14T11:55:54.689773,24.73,47.21,1003.05
2025-05-14T11:55:55.701474,24.73,47.21,1003.05
2025-05-14T11:55:56.706916,24.73,47.21,1003.05
2025-05-14T11:55:57.725124,24.72,47.11,1003.04
2025-05-14T11:55:58.734368,24.72,47.11,1003.04
2025-05-14T11:55:59.734521,24.72,47.11,1003.04
2025-05-14T11:56:00.735379,24.73,47.17,1003.02
2025-05-14T11:56:01.738688,24.73,47.17,1003.02
2025-05-14T11:56:02.764560,24.73,47.17,1003.02
2025-05-14T11:56:03.774673,24.72,47.28,1003.03
2025-05-14T11:56:04.773627,24.72,47.28,1003.03
2025-05-14T11:56:05.773597,24.72,47.28,1003.03
2025-05-14T11:56:06.789402,24.72,47.3,1003.04
2025-05-14T11:56:07.801043,24.72,47.3,1003.04
2025-05-14T11:56:08.823155,24.72,47.3,1003.04
2025-05-14T11:56:09.837845,24.71,47.28,1003.01
2025-05-14T11:56:10.839727,24.71,47.28,1003.01
2025-05-14T11:56:11.850311,24.71,47.28,1003.01
2025-05-14T11:56:12.865609,24.71,47.27,1003.01
2025-05-14T11:56:13.889594,24.71,47.27,1003.01
2025-05-14T11:56:14.893394,24.71,47.27,1003.01
2025-05-14T11:56:15.888049,24.71,47.17,1003.02
2025-05-14T11:56:16.892077,24.71,47.17,1003.02
2025-05-14T11:56:17.904860,24.71,47.17,1003.02
2025-05-14T11:56:18.913952,24.71,47.21,1003.04
2025-05-14T11:56:19.921802,24.71,47.21,1003.04
2025-05-14T11:56:20.936426,24.71,47.21,1003.04
2025-05-14T11:56:21.936131,24.7,47.24,1003.0
2025-05-14T11:56:22.928892,24.7,47.24,1003.0
2025-05-14T11:56:23.932857,24.7,47.24,1003.0
2025-05-14T11:56:24.941832,24.7,47.22,1003.04
2025-05-14T11:56:25.941061,24.7,47.22,1003.04
2025-05-14T11:56:26.957552,24.7,47.22,1003.04
2025-05-14T11:56:27.968442,24.7,47.2,1003.03
2025-05-14T11:56:28.963771,24.7,47.2,1003.03
2025-05-14T11:56:29.982020,24.7,47.2,1003.03
2025-05-14T11:56:30.989815,24.7,47.22,1003.09
2025-05-14T11:56:32.005080,24.7,47.22,1003.09
2025-05-14T11:56:33.015141,24.7,47.22,1003.09
2025-05-14T11:56:34.020043,24.7,47.18,1003.03
2025-05-14T11:56:35.025357,24.7,47.18,1003.03
2025-05-14T11:56:36.040038,24.7,47.18,1003.03
2025-05-14T11:56:37.055731,24.69,47.16,1003.05
2025-05-14T11:56:38.067614,24.69,47.16,1003.05
2025-05-14T11:56:39.083126,24.69,47.16,1003.05
2025-05-14T11:56:40.096050,24.7,47.17,1003.05
2025-05-14T11:56:41.093427,24.7,47.17,1003.05
2025-05-14T11:56:42.103099,24.7,47.17,1003.05
2025-05-14T11:56:43.112347,24.69,47.19,1003.01
2025-05-14T11:56:44.123035,24.69,47.19,1003.01
2025-05-14T11:56:45.136747,24.69,47.19,1003.01
2025-05-14T11:56:46.148006,24.68,47.17,1003.0
2025-05-14T11:56:47.157393,24.68,47.17,1003.0
2025-05-14T11:56:48.171048,24.68,47.17,1003.0
2025-05-14T11:56:49.187227,24.68,47.22,1003.01
2025-05-14T11:56:50.188263,24.68,47.22,1003.01
2025-05-14T11:56:51.190213,24.68,47.22,1003.01
2025-05-14T11:56:52.203081,24.68,47.37,1003.02
2025-05-14T11:56:53.210568,24.68,47.37,1003.02
2025-05-14T11:56:54.220642,24.68,47.37,1003.02
2025-05-14T11:56:55.222131,24.68,47.44,1003.01
2025-05-14T11:56:56.243859,24.68,47.44,1003.01
2025-05-14T11:56:57.240912,24.68,47.44,1003.01
2025-05-14T11:56:58.255198,24.69,47.44,1003.03
2025-05-14T11:56:59.264695,24.69,47.44,1003.03
2025-05-14T11:57:00.264937,24.69,47.44,1003.03
2025-05-14T11:57:01.273320,24.68,47.37,1003.02
2025-05-14T11:57:02.281913,24.68,47.37,1003.02
2025-05-14T11:57:03.290634,24.68,47.37,1003.02
2025-05-14T11:57:04.302363,24.68,47.46,1003.01
2025-05-14T11:57:05.318817,24.68,47.46,1003.01
2025-05-14T11:57:06.323975,24.68,47.46,1003.01
2025-05-14T11:57:07.335766,24.67,47.47,1003.03
2025-05-14T11:57:08.345096,24.67,47.47,1003.03
2025-05-14T11:57:09.855747,24.67,47.86,1003.0
2025-05-14T11:57:10.354373,24.67,47.86,1003.0
2025-05-14T11:57:11.356988,24.67,47.86,1003.0
2025-05-14T11:57:12.871066,24.67,48.02,1002.99
2025-05-14T11:57:13.353597,24.67,48.02,1002.99
2025-05-14T11:57:14.358599,24.67,48.02,1002.99
2025-05-14T11:57:15.874519,24.67,47.93,1002.98
2025-05-14T11:57:16.357618,24.67,47.93,1002.98
2025-05-14T11:57:17.355047,24.67,47.93,1002.98
2025-05-14T11:57:18.875210,24.67,47.82,1003.04
2025-05-14T11:57:19.356398,24.67,47.82,1003.04
2025-05-14T11:57:20.361880,24.67,47.82,1003.04
2025-05-14T11:57:21.878232,24.67,47.71,1003.01
2025-05-14T11:57:22.389938,24.67,47.71,1003.01
2025-05-14T11:57:23.397738,24.67,47.71,1003.01
2025-05-14T11:57:24.870484,24.67,47.7,1003.04
2025-05-14T11:57:25.421150,24.67,47.7,1003.04
2025-05-14T11:57:26.432534,24.67,47.7,1003.04
2025-05-14T11:57:27.883560,24.68,47.35,1003.04
2025-05-14T11:57:28.452121,24.68,47.35,1003.04
2025-05-14T11:57:29.456665,24.68,47.35,1003.04
2025-05-14T11:57:30.886420,24.68,47.45,1003.03
2025-05-14T11:57:31.473751,24.68,47.45,1003.03
2025-05-14T11:57:32.473202,24.68,47.45,1003.03
2025-05-14T11:57:33.907766,24.68,47.54,1003.04
2025-05-14T11:57:34.497596,24.68,47.54,1003.04
2025-05-14T11:57:35.505046,24.68,47.54,1003.04
2025-05-14T11:57:36.905690,24.68,47.4,1003.03
2025-05-14T11:57:37.522575,24.68,47.4,1003.03
2025-05-14T11:57:38.538729,24.68,47.4,1003.03
2025-05-14T11:57:39.889470,24.68,47.86,1003.03
2025-05-14T11:57:40.556362,24.68,47.86,1003.03
2025-05-14T11:57:41.571696,24.68,47.86,1003.03
2025-05-14T11:57:42.906673,24.68,47.88,1003.03
2025-05-14T11:57:43.606635,24.68,47.88,1003.03
2025-05-14T11:57:44.606349,24.68,47.88,1003.03
2025-05-14T11:57:45.908301,24.68,47.99,1003.06
2025-05-14T11:57:46.636636,24.68,47.99,1003.06
2025-05-14T11:57:47.657734,24.68,47.99,1003.06
2025-05-14T11:57:48.918823,24.68,47.88,1003.03
2025-05-14T11:57:49.652930,24.68,47.88,1003.03
2025-05-14T11:57:50.650051,24.68,47.88,1003.03
2025-05-14T11:57:51.922485,24.68,47.5,1003.05
2025-05-14T11:57:52.647987,24.68,47.5,1003.05
2025-05-14T11:57:53.656925,24.68,47.5,1003.05
2025-05-14T11:57:54.935206,24.68,47.43,1003.07
2025-05-14T11:57:55.657586,24.68,47.43,1003.07
2025-05-14T11:57:56.654404,24.68,47.43,1003.07
2025-05-14T11:57:57.924681,24.68,47.27,1003.03
2025-05-14T11:57:58.648653,24.68,47.27,1003.03
2025-05-14T11:57:59.654803,24.68,47.27,1003.03
2025-05-14T11:58:00.941050,24.68,47.36,1003.03
2025-05-14T11:58:01.657492,24.68,47.36,1003.03
2025-05-14T11:58:02.656285,24.68,47.36,1003.03
2025-05-14T11:58:03.943323,24.68,47.26,1003.05
2025-05-14T11:58:04.656408,24.68,47.26,1003.05
2025-05-14T11:58:05.653202,24.68,47.26,1003.05
2025-05-14T11:58:06.972793,24.68,47.22,1003.02
2025-05-14T11:58:07.674746,24.68,47.22,1003.02
2025-05-14T11:58:08.686249,24.68,47.22,1003.02
2025-05-14T11:58:09.958258,24.68,47.34,1003.07
2025-05-14T11:58:10.691352,24.68,47.34,1003.07
2025-05-14T11:58:11.707592,24.68,47.34,1003.07
2025-05-14T11:58:12.982860,24.69,47.38,1003.06
2025-05-14T11:58:13.724232,24.69,47.38,1003.06
2025-05-14T11:58:14.741582,24.69,47.38,1003.06
2025-05-14T11:58:15.973620,24.68,47.51,1003.05
2025-05-14T11:58:16.758057,24.68,47.51,1003.05
2025-05-14T11:58:17.770773,24.68,47.51,1003.05
2025-05-14T11:58:18.990905,24.68,47.47,1003.06
2025-05-14T11:58:19.786976,24.68,47.47,1003.06
2025-05-14T11:58:20.805840,24.68,47.47,1003.06
2025-05-14T11:58:22.007710,24.69,47.34,1003.06
2025-05-14T11:58:22.821645,24.69,47.34,1003.06
2025-05-14T11:58:23.838849,24.69,47.34,1003.06
2025-05-14T11:58:25.022979,24.7,47.34,1003.06
2025-05-14T11:58:25.839294,24.7,47.34,1003.06
2025-05-14T11:58:26.849336,24.7,47.34,1003.06
2025-05-14T11:58:28.022766,24.69,47.28,1003.07
2025-05-14T11:58:28.873439,24.69,47.28,1003.07
2025-05-14T11:58:29.889452,24.69,47.28,1003.07
2025-05-14T11:58:31.013139,24.69,47.18,1003.06
2025-05-14T11:58:31.888308,24.69,47.18,1003.06
2025-05-14T11:58:32.894543,24.69,47.18,1003.06
2025-05-14T11:58:34.026225,24.69,47.09,1003.05
2025-05-14T11:58:34.906447,24.69,47.09,1003.05
2025-05-14T11:58:35.907897,24.69,47.09,1003.05
2025-05-14T11:58:37.018668,24.7,46.97,1003.05
2025-05-14T11:58:37.914352,24.7,46.97,1003.05
2025-05-14T11:58:38.914930,24.7,46.97,1003.05
2025-05-14T11:58:40.017116,24.7,46.96,1003.06
2025-05-14T11:58:40.921285,24.7,46.96,1003.06
2025-05-14T11:58:41.921794,24.7,46.96,1003.06
2025-05-14T11:58:43.011261,24.7,46.89,1003.06
2025-05-14T11:58:43.924589,24.7,46.89,1003.06
2025-05-14T11:58:44.935751,24.7,46.89,1003.06
2025-05-14T11:58:46.023044,24.71,46.92,1003.05
2025-05-14T11:58:46.924838,24.71,46.92,1003.05
2025-05-14T11:58:47.938863,24.71,46.92,1003.05
2025-05-14T11:58:49.036769,24.7,46.98,1003.05
2025-05-14T11:58:49.939562,24.7,46.98,1003.05
2025-05-14T11:58:50.945887,24.7,46.98,1003.05
2025-05-14T11:58:52.037277,24.7,46.98,1003.04
2025-05-14T11:58:52.964726,24.7,46.98,1003.04
2025-05-14T11:58:53.971750,24.7,46.98,1003.04
2025-05-14T11:58:55.067223,24.71,47.02,1003.05
2025-05-14T11:58:55.985847,24.71,47.02,1003.05
2025-05-14T11:58:56.985281,24.71,47.02,1003.05
2025-05-14T11:58:58.072991,24.7,47.04,1003.05
2025-05-14T11:58:58.974329,24.7,47.04,1003.05
2025-05-14T11:58:59.989897,24.7,47.04,1003.05
2025-05-14T11:59:01.101489,24.7,47.18,1003.04
2025-05-14T11:59:02.021590,24.7,47.18,1003.04
2025-05-14T11:59:03.040614,24.7,47.18,1003.04
2025-05-14T11:59:04.107100,24.71,47.17,1003.08
2025-05-14T11:59:05.037813,24.71,47.17,1003.08
2025-05-14T11:59:06.053537,24.71,47.17,1003.08
2025-05-14T11:59:07.135006,24.71,47.08,1003.07
2025-05-14T11:59:08.089294,24.71,47.08,1003.07
2025-05-14T11:59:09.105858,24.71,47.08,1003.07
2025-05-14T11:59:10.141023,24.71,47.18,1003.07
2025-05-14T11:59:11.110094,24.71,47.18,1003.07
2025-05-14T11:59:12.101096,24.71,47.18,1003.07
2025-05-14T11:59:13.131834,24.71,47.26,1003.04
2025-05-14T11:59:14.123549,24.71,47.26,1003.04
2025-05-14T11:59:15.126320,24.71,47.26,1003.04
2025-05-14T11:59:16.130595,24.71,47.22,1003.04
2025-05-14T11:59:17.153302,24.71,47.22,1003.04
2025-05-14T11:59:18.157632,24.71,47.22,1003.04
2025-05-14T11:59:19.151958,24.71,47.38,1003.05
2025-05-14T11:59:20.160361,24.71,47.38,1003.05
2025-05-14T11:59:21.172813,24.71,47.38,1003.05
2025-05-14T11:59:22.165537,24.71,47.32,1003.06
2025-05-14T11:59:23.174257,24.71,47.32,1003.06
2025-05-14T11:59:24.165764,24.71,47.32,1003.06
2025-05-14T11:59:25.174371,24.71,47.36,1003.09
2025-05-14T11:59:26.173722,24.71,47.36,1003.09
2025-05-14T11:59:27.174320,24.71,47.36,1003.09
2025-05-14T11:59:28.189567,24.71,47.4,1003.09
2025-05-14T11:59:29.183251,24.71,47.4,1003.09
2025-05-14T11:59:30.182430,24.71,47.4,1003.09
2025-05-14T11:59:31.190592,24.72,47.29,1003.08
2025-05-14T11:59:32.199986,24.72,47.29,1003.08
2025-05-14T11:59:33.204684,24.72,47.29,1003.08
2025-05-14T11:59:34.207623,24.72,47.13,1003.05
2025-05-14T11:59:35.213449,24.72,47.13,1003.05
2025-05-14T11:59:36.220643,24.72,47.13,1003.05
2025-05-14T11:59:37.225208,24.71,47.06,1003.07
2025-05-14T11:59:38.230956,24.71,47.06,1003.07
2025-05-14T11:59:39.238229,24.71,47.06,1003.07
2025-05-14T11:59:40.257648,24.71,47.04,1003.08
2025-05-14T11:59:41.255357,24.71,47.04,1003.08
2025-05-14T11:59:42.254127,24.71,47.04,1003.08
2025-05-14T11:59:43.274042,24.72,46.92,1003.08
2025-05-14T11:59:44.286611,24.72,46.92,1003.08
2025-05-14T11:59:45.300517,24.72,46.92,1003.08
2025-05-14T11:59:46.318769,24.72,46.87,1003.06
2025-05-14T11:59:47.325208,24.72,46.87,1003.06
2025-05-14T11:59:48.334422,24.72,46.87,1003.06
2025-05-14T11:59:49.352393,24.72,46.94,1003.07
2025-05-14T11:59:50.370442,24.72,46.94,1003.07
2025-05-14T11:59:51.375121,24.72,46.94,1003.07
2025-05-14T11:59:52.381475,24.72,46.83,1003.07
2025-05-14T11:59:53.388837,24.72,46.83,1003.07
2025-05-14T11:59:54.406437,24.72,46.83,1003.07
2025-05-14T11:59:55.423001,24.71,46.92,1003.07
2025-05-14T11:59:56.420975,24.71,46.92,1003.07
2025-05-14T11:59:57.423994,24.71,46.92,1003.07
2025-05-14T11:59:58.440657,24.71,47.15,1003.03
2025-05-14T11:59:59.456225,24.71,47.15,1003.03
2025-05-14T12:00:00.475380,24.71,47.15,1003.03
2025-05-14T12:00:01.476152,24.7,47.16,1003.06
2025-05-14T12:00:02.488470,24.7,47.16,1003.06
2025-05-14T12:00:03.516637,24.7,47.16,1003.06
2025-05-14T12:00:04.522497,24.7,47.28,1003.04
2025-05-14T12:00:05.534468,24.7,47.28,1003.04
2025-05-14T12:00:06.538203,24.7,47.28,1003.04
2025-05-14T12:00:07.553703,24.7,47.42,1003.04
2025-05-14T12:00:08.572874,24.7,47.42,1003.04
2025-05-14T12:00:09.589267,24.7,47.42,1003.04
2025-05-14T12:00:10.604050,24.7,47.35,1003.08
2025-05-14T12:00:11.621504,24.7,47.35,1003.08
2025-05-14T12:00:13.156210,24.7,47.4,1003.06
2025-05-14T12:00:13.622614,24.7,47.4,1003.06
2025-05-14T12:00:14.637644,24.7,47.4,1003.06
2025-05-14T12:00:16.158518,24.69,47.49,1003.05
2025-05-14T12:00:16.641534,24.69,47.49,1003.05
2025-05-14T12:00:17.656640,24.69,47.49,1003.05
2025-05-14T12:00:19.172717,24.7,47.61,1003.05
2025-05-14T12:00:19.658466,24.7,47.61,1003.05
2025-05-14T12:00:20.651520,24.7,47.61,1003.05
2025-05-14T12:00:22.183015,24.7,47.59,1003.04
2025-05-14T12:00:22.656716,24.7,47.59,1003.04
2025-05-14T12:00:23.656926,24.7,47.59,1003.04
2025-05-14T12:00:25.177534,24.69,47.42,1003.03
2025-05-14T12:00:25.670780,24.69,47.42,1003.03
2025-05-14T12:00:26.673974,24.69,47.42,1003.03
2025-05-14T12:00:28.198641,24.69,47.35,1003.05
2025-05-14T12:00:28.673420,24.69,47.35,1003.05
2025-05-14T12:00:29.665432,24.69,47.35,1003.05
2025-05-14T12:00:31.187823,24.69,47.35,1003.06
2025-05-14T12:00:31.674390,24.69,47.35,1003.06
2025-05-14T12:00:32.691733,24.69,47.35,1003.06
2025-05-14T12:00:34.190694,24.69,47.34,1003.08
2025-05-14T12:00:34.703134,24.69,47.34,1003.08
2025-05-14T12:00:35.707220,24.69,47.34,1003.08
2025-05-14T12:00:37.188098,24.68,47.26,1003.04
2025-05-14T12:00:37.736002,24.68,47.26,1003.04
2025-05-14T12:00:38.739129,24.68,47.26,1003.04
2025-05-14T12:00:40.207450,24.69,47.18,1003.05
2025-05-14T12:00:40.744975,24.69,47.18,1003.05
2025-05-14T12:00:41.755985,24.69,47.18,1003.05
2025-05-14T12:00:43.216241,24.69,47.38,1003.05
2025-05-14T12:00:43.770526,24.69,47.38,1003.05
2025-05-14T12:00:44.791113,24.69,47.38,1003.05
2025-05-14T12:00:46.238966,24.69,47.6,1003.05
2025-05-14T12:00:46.792382,24.69,47.6,1003.05
2025-05-14T12:00:47.802410,24.69,47.6,1003.05
2025-05-14T12:00:49.255019,24.69,47.84,1003.04
2025-05-14T12:00:49.805679,24.69,47.84,1003.04
2025-05-14T12:00:50.812067,24.69,47.84,1003.04
2025-05-14T12:00:52.269199,24.69,47.63,1003.04
2025-05-14T12:00:52.817206,24.69,47.63,1003.04
2025-05-14T12:00:53.817677,24.69,47.63,1003.04
2025-05-14T12:00:55.270368,24.68,47.67,1003.05
2025-05-14T12:00:55.817766,24.68,47.67,1003.05
2025-05-14T12:00:56.838032,24.68,47.67,1003.05
2025-05-14T12:00:58.291357,24.69,47.52,1003.06
2025-05-14T12:00:58.857471,24.69,47.52,1003.06
2025-05-14T12:00:59.870015,24.69,47.52,1003.06
2025-05-14T12:01:01.317813,24.68,47.38,1003.07
2025-05-14T12:01:01.867234,24.68,47.38,1003.07
2025-05-14T12:01:02.891454,24.68,47.38,1003.07
2025-05-14T12:01:04.336867,24.68,47.3,1003.03
2025-05-14T12:01:04.889555,24.68,47.3,1003.03
2025-05-14T12:01:05.888921,24.68,47.3,1003.03
2025-05-14T12:01:07.324915,24.68,47.24,1003.05
2025-05-14T12:01:07.886458,24.68,47.24,1003.05
2025-05-14T12:01:08.889204,24.68,47.24,1003.05
2025-05-14T12:01:10.324755,24.68,47.21,1003.06
2025-05-14T12:01:10.890412,24.68,47.21,1003.06
2025-05-14T12:01:11.881528,24.68,47.21,1003.06
2025-05-14T12:01:13.342609,24.68,47.24,1003.04
2025-05-14T12:01:13.892526,24.68,47.24,1003.04
2025-05-14T12:01:14.890290,24.68,47.24,1003.04
2025-05-14T12:01:16.366523,24.68,47.25,1003.04
2025-05-14T12:01:16.902312,24.68,47.25,1003.04
2025-05-14T12:01:17.907244,24.68,47.25,1003.04
2025-05-14T12:01:19.374912,24.68,47.26,1003.03
2025-05-14T12:01:19.923376,24.68,47.26,1003.03
2025-05-14T12:01:20.923993,24.68,47.26,1003.03
2025-05-14T12:01:22.391466,24.68,47.29,1003.06
2025-05-14T12:01:22.926142,24.68,47.29,1003.06
2025-05-14T12:01:23.951179,24.68,47.29,1003.06
2025-05-14T12:01:25.390830,24.68,47.29,1003.06
2025-05-14T12:01:25.953333,24.68,47.29,1003.06
2025-05-14T12:01:26.956769,24.68,47.29,1003.06
2025-05-14T12:01:28.401213,24.68,47.24,1003.05
2025-05-14T12:01:28.989801,24.68,47.24,1003.05
2025-05-14T12:01:29.999992,24.68,47.24,1003.05
2025-05-14T12:01:31.402168,24.68,47.23,1003.05
2025-05-14T12:01:32.007000,24.68,47.23,1003.05
2025-05-14T12:01:33.021753,24.68,47.23,1003.05
2025-05-14T12:01:34.414958,24.69,47.22,1003.04
2025-05-14T12:01:35.033379,24.69,47.22,1003.04
2025-05-14T12:01:36.040116,24.69,47.22,1003.04
2025-05-14T12:01:37.423121,24.69,47.12,1003.07
2025-05-14T12:01:38.067985,24.69,47.12,1003.07
2025-05-14T12:01:39.074641,24.69,47.12,1003.07
2025-05-14T12:01:40.436157,24.69,47.08,1003.08
2025-05-14T12:01:41.106867,24.69,47.08,1003.08
2025-05-14T12:01:42.107724,24.69,47.08,1003.08
2025-05-14T12:01:43.439306,24.68,47.05,1003.08
2025-05-14T12:01:44.116127,24.68,47.05,1003.08
2025-05-14T12:01:45.140805,24.68,47.05,1003.08
2025-05-14T12:01:46.423284,24.69,47.07,1003.06
2025-05-14T12:01:47.172734,24.69,47.07,1003.06
2025-05-14T12:01:48.172638,24.69,47.07,1003.06
2025-05-14T12:01:49.419775,24.68,47.16,1003.09
2025-05-14T12:01:50.172967,24.68,47.16,1003.09
2025-05-14T12:01:51.169978,24.68,47.16,1003.09
2025-05-14T12:01:52.425094,24.68,47.01,1003.06
2025-05-14T12:01:53.191022,24.68,47.01,1003.06
2025-05-14T12:01:54.206000,24.68,47.01,1003.06
2025-05-14T12:01:55.434181,24.68,46.96,1003.04
2025-05-14T12:01:56.231108,24.68,46.96,1003.04
2025-05-14T12:01:57.238538,24.68,46.96,1003.04
2025-05-14T12:01:58.425997,24.68,47.27,1003.06
2025-05-14T12:01:59.273808,24.68,47.27,1003.06
2025-05-14T12:02:00.289773,24.68,47.27,1003.06
2025-05-14T12:02:01.419236,24.68,47.56,1003.03
2025-05-14T12:02:02.322052,24.68,47.56,1003.03
2025-05-14T12:02:03.324557,24.68,47.56,1003.03
2025-05-14T12:02:04.424579,24.67,47.61,1003.01
2025-05-14T12:02:05.352209,24.67,47.61,1003.01
2025-05-14T12:02:06.353269,24.67,47.61,1003.01
2025-05-14T12:02:07.422877,24.67,47.71,1003.08
2025-05-14T12:02:08.360304,24.67,47.71,1003.08
2025-05-14T12:02:09.374818,24.67,47.71,1003.08
2025-05-14T12:02:10.438706,24.67,47.65,1003.04
2025-05-14T12:02:11.387758,24.67,47.65,1003.04
2025-05-14T12:02:12.391863,24.67,47.65,1003.04
2025-05-14T12:02:13.437664,24.67,47.48,1003.03
2025-05-14T12:02:14.401155,24.67,47.48,1003.03
2025-05-14T12:02:15.421328,24.67,47.48,1003.03
2025-05-14T12:02:16.431549,24.66,47.4,1003.03
2025-05-14T12:02:17.431811,24.66,47.4,1003.03
2025-05-14T12:02:18.436890,24.66,47.4,1003.03
2025-05-14T12:02:19.442454,24.67,47.46,1003.04
2025-05-14T12:02:20.445375,24.67,47.46,1003.04
2025-05-14T12:02:21.455123,24.67,47.46,1003.04
2025-05-14T12:02:22.453607,24.66,47.48,1003.05
2025-05-14T12:02:23.463931,24.66,47.48,1003.05
2025-05-14T12:02:24.473015,24.66,47.48,1003.05
2025-05-14T12:02:25.482170,24.66,47.5,1003.05
2025-05-14T12:02:26.490968,24.66,47.5,1003.05
2025-05-14T12:02:27.504193,24.66,47.5,1003.05
2025-05-14T12:02:28.523250,24.66,47.39,1003.05
2025-05-14T12:02:29.541205,24.66,47.39,1003.05
2025-05-14T12:02:30.553421,24.66,47.39,1003.05
2025-05-14T12:02:31.554089,24.66,47.32,1003.02
2025-05-14T12:02:32.568098,24.66,47.32,1003.02
2025-05-14T12:02:33.572510,24.66,47.32,1003.02
2025-05-14T12:02:34.573840,24.66,47.3,1003.01
2025-05-14T12:02:35.574447,24.66,47.3,1003.01
2025-05-14T12:02:36.577389,24.66,47.3,1003.01
2025-05-14T12:02:37.581911,24.67,47.35,1003.04
2025-05-14T12:02:38.593247,24.67,47.35,1003.04
2025-05-14T12:02:39.600732,24.67,47.35,1003.04
2025-05-14T12:02:40.622010,24.66,47.5,1003.03
2025-05-14T12:02:41.640252,24.66,47.5,1003.03
2025-05-14T12:02:42.652655,24.66,47.5,1003.03
2025-05-14T12:02:43.654972,24.67,47.52,1003.06
2025-05-14T12:02:44.660075,24.67,47.52,1003.06
2025-05-14T12:02:45.667510,24.67,47.52,1003.06
2025-05-14T12:02:46.687863,24.67,47.64,1003.05
2025-05-14T12:02:47.686511,24.67,47.64,1003.05
2025-05-14T12:02:48.690872,24.67,47.64,1003.05
2025-05-14T12:02:49.703561,24.67,47.61,1003.03
2025-05-14T12:02:50.704021,24.67,47.61,1003.03
2025-05-14T12:02:51.707158,24.67,47.61,1003.03
2025-05-14T12:02:52.722343,24.67,47.54,1003.05
2025-05-14T12:02:53.739772,24.67,47.54,1003.05
2025-05-14T12:02:54.756649,24.67,47.54,1003.05
2025-05-14T12:02:55.757267,24.67,47.51,1003.06
2025-05-14T12:02:56.754958,24.67,47.51,1003.06
2025-05-14T12:02:57.774185,24.67,47.51,1003.06
2025-05-14T12:02:58.777470,24.67,47.72,1003.06
2025-05-14T12:02:59.789932,24.67,47.72,1003.06
2025-05-14T12:03:00.803572,24.67,47.72,1003.06
2025-05-14T12:03:01.807260,24.67,47.67,1003.05
2025-05-14T12:03:02.807930,24.67,47.67,1003.05
2025-05-14T12:03:03.807189,24.67,47.67,1003.05
2025-05-14T12:03:04.802479,24.67,47.54,1003.07
2025-05-14T12:03:05.806745,24.67,47.54,1003.07
2025-05-14T12:03:06.818043,24.67,47.54,1003.07
2025-05-14T12:03:07.832196,24.67,47.48,1003.02
2025-05-14T12:03:08.839549,24.67,47.48,1003.02
2025-05-14T12:03:09.855122,24.67,47.48,1003.02
2025-05-14T12:03:10.857568,24.68,47.44,1003.03
2025-05-14T12:03:11.866190,24.68,47.44,1003.03
2025-05-14T12:03:12.867868,24.68,47.44,1003.03
2025-05-14T12:03:13.880606,24.67,47.37,1003.02
2025-05-14T12:03:14.899336,24.67,47.37,1003.02
